<?xml version = "1.0" encoding = "UTF-8"?>
<collection xmlns="http://www.loc.gov/MARC21/slim"
xmlns:xsi="http://www.w3.org/2001/XMLSchema-instance"
xsi:schemaLocation="http://www.loc.gov/MARC21/slim
http://www.loc.gov/standards/marcxml/schema/MARC21slim.xsd">
<record xmlns="http://www.loc.gov/MARC21/slim"
    xmlns:xsi="http://www.w3.org/2001/XMLSchema-instance"
    xsi:schemaLocation="http://www.loc.gov/MARC21/slim
    http://www.loc.gov/standards/marcxml/schema/MARC21slim.xsd">
<leader>     nM2.01200024      h</leader>
<controlfield tag="001">AC03757771</controlfield>
<controlfield tag="002">20030630</controlfield>
<controlfield tag="003">20161116</controlfield>
<controlfield tag="026">OBVAC03757771</controlfield>
<controlfield tag="030">z|1drr|||||17</controlfield>
<controlfield tag="050">||a|||||||a|||</controlfield>
<controlfield tag="051">m||||||^</controlfield>
<controlfield tag="FMT">MH</controlfield>
<controlfield tag="LDR">     nM2.01200024      h</controlfield>
<datafield tag="034" ind1="1" ind2="#">
<subfield code="2">bound</subfield>
<subfield code="a">a</subfield>
<subfield code="b">104000</subfield>
<subfield code="d">E0095900</subfield>
<subfield code="e">E0125400</subfield>
<subfield code="f">N0474400</subfield>
<subfield code="g">N0453800</subfield>
</datafield>
<datafield tag="041" ind1="#" ind2="7">
<subfield code="a">ger</subfield>
</datafield>
<datafield tag="044" ind1="#" ind2="#">
<subfield code="c">XA-AAAT</subfield>
</datafield>
<datafield tag="060" ind1=" " ind2=" ">
<subfield code="b">cri</subfield>
</datafield>
<datafield tag="061" ind1=" " ind2=" ">
<subfield code="b">n</subfield>
</datafield>
<datafield tag="062" ind1=" " ind2=" ">
<subfield code="b">nb</subfield>
</datafield>
<datafield tag="064" ind1="a" ind2=" ">
<subfield code="9">(DE-588)4611904-8</subfield>
</datafield>
<datafield tag="070" ind1=" " ind2=" ">
<subfield code="a">ONB</subfield>
</datafield>
<datafield tag="070" ind1="b" ind2=" ">
<subfield code="a">OAW</subfield>
</datafield>
<datafield tag="076" ind1="f" ind2=" ">
<subfield code="a">Erfassung ONB-Karten</subfield>
</datafield>
<datafield tag="076" ind1="s" ind2=" ">
<subfield code="a">50</subfield>
</datafield>
<datafield tag="100" ind1=" " ind2=" ">
<subfield code="4">ctg</subfield>
<subfield code="9">(DE-588)118503189</subfield>
<subfield code="d">1723-1766</subfield>
</datafield>
<datafield tag="100" ind1="1" ind2="#">
<subfield code="a">Anich, Peter</subfield>
</datafield>
<datafield tag="104" ind1="a" ind2=" ">
<subfield code="4">ctg</subfield>
<subfield code="9">(DE-588)118775197</subfield>
<subfield code="d">1735-1818</subfield>
<subfield code="p">Hueber, Blasius</subfield>
</datafield>
<datafield tag="108" ind1="b" ind2=" ">
<subfield code="4">oth</subfield>
<subfield code="9">(DE-588)103771476</subfield>
<subfield code="d">1705-1787</subfield>
<subfield code="p">Weinhart, Ignaz</subfield>
</datafield>
<datafield tag="245" ind1="0" ind2="0">
<subfield code="a">Tyrolis Sub Felici Regimine Mariæ Theresiæ Rom. Imper. Aug.</subfield>
</datafield>
<datafield tag="246" ind1="0" ind2="3">
<subfield code="a">Atlas Tyrolensis</subfield>
</datafield>
<datafield tag="255" ind1="#" ind2="#">
<subfield code="a">Circa 1:104 000</subfield>
</datafield>
<datafield tag="264" ind1="#" ind2="3">
<subfield code="a">[Wien]</subfield>
<subfield code="b">J. E. Mansfeld inv. et fecit</subfield>
<subfield code="c">1774</subfield>
</datafield>
<datafield tag="300" ind1="#" ind2="#">
<subfield code="a">1 Karte auf 20 Blättern</subfield>
</datafield>
<datafield tag="359" ind1=" " ind2=" ">
<subfield code="a">Chorographice Delineata a Petro Anich et Blasio Hueber Colonis oberperfussianis Curante Ignat. Weinhart Profess. Math. in Univers. Œnipontana ; Æri incisa a Joa. Ernest Mansfeld</subfield>
</datafield>
<datafield tag="425" ind1="a" ind2=" ">
<subfield code="a">1774</subfield>
</datafield>
<datafield tag="434" ind1=" " ind2=" ">
<subfield code="a">Illustrationen</subfield>
</datafield>
<datafield tag="435" ind1=" " ind2=" ">
<subfield code="a">226 x 217,5 cm, Blätter 56,5 x 43,5 cm</subfield>
</datafield>
<datafield tag="437" ind1=" " ind2=" ">
<subfield code="a">Übersichtsblatt</subfield>
</datafield>
<datafield tag="439" ind1=" " ind2=" ">
<subfield code="d">Kupferstich</subfield>
</datafield>
<datafield tag="501" ind1=" " ind2=" ">
<subfield code="a">Nullmeridian: Ferro</subfield>
</datafield>
<datafield tag="505" ind1=" " ind2=" ">
<subfield code="a">Abweichender Titel auf Übersichtsblatt</subfield>
</datafield>
<datafield tag="655" ind1="#" ind2="7">
<subfield code="a">Altkarte</subfield>
</datafield>
<datafield tag="677" ind1=" " ind2=" ">
<subfield code="9">(DE-588)12207288X</subfield>
<subfield code="d">1739-1796</subfield>
<subfield code="p">Mansfeld, Johann Ernst</subfield>
</datafield>
<datafield tag="700" ind1="1" ind2="#">
<subfield code="4">egr</subfield>
</datafield>
<datafield tag="700" ind1="f" ind2=" ">
<subfield code="a">74.31</subfield>
<subfield code="b">Geschichte der Kartographie</subfield>
<subfield code="z">Automatisch generiert aus Konkordanz RVK-BK-Geographie</subfield>
</datafield>
<datafield tag="700" ind1="g" ind2=" ">
<subfield code="a">RK 65217</subfield>
</datafield>
<datafield tag="902" ind1=" " ind2=" ">
<subfield code="9">(DE-588)4060207-2</subfield>
<subfield code="f">Altkarte</subfield>
<subfield code="g">Tirol</subfield>
</datafield>
<datafield tag="904" ind1="a" ind2=" ">
<subfield code="a">ONBKRP</subfield>
</datafield>
</record>