
<record xmlns="http://www.loc.gov/MARC21/slim"
    xmlns:xsi="http://www.w3.org/2001/XMLSchema-instance"
    xsi:schemaLocation="http://www.loc.gov/MARC21/slim
    http://www.loc.gov/standards/marcxml/schema/MARC21slim.xsd">
<leader>     nM2.01200024      h</leader>
<controlfield tag="001">AC11183924</controlfield>
<controlfield tag="002">20131210</controlfield>
<controlfield tag="003">20161116</controlfield>
<controlfield tag="026">OBVAC11183924</controlfield>
<controlfield tag="030">a|1urr|||||17</controlfield>
<controlfield tag="050">||a|||||||a|||</controlfield>
<controlfield tag="051">m||||||</controlfield>
<controlfield tag="FMT">MH</controlfield>
<controlfield tag="LDR">     nM2.01200024      h</controlfield>
<datafield tag="034" ind1="1" ind2="#">
<subfield code="2">bound</subfield>
<subfield code="a">a</subfield>
<subfield code="b">55000000</subfield>
<subfield code="d">W1800000</subfield>
<subfield code="e">E1800000</subfield>
<subfield code="f">N0800000</subfield>
<subfield code="g">S0800000</subfield>
</datafield>
<datafield tag="041" ind1="#" ind2="7">
<subfield code="a">ger</subfield>
</datafield>
<datafield tag="044" ind1="#" ind2="#">
<subfield code="c">XA-DXDE</subfield>
</datafield>
<datafield tag="060" ind1=" " ind2=" ">
<subfield code="b">cri</subfield>
</datafield>
<datafield tag="061" ind1=" " ind2=" ">
<subfield code="b">n</subfield>
</datafield>
<datafield tag="062" ind1=" " ind2=" ">
<subfield code="b">nb</subfield>
</datafield>
<datafield tag="064" ind1="a" ind2=" ">
<subfield code="9">(DE-588)4065368-7</subfield>
</datafield>
<datafield tag="070" ind1=" " ind2=" ">
<subfield code="a">OAW</subfield>
</datafield>
<datafield tag="070" ind1="b" ind2=" ">
<subfield code="a">OAW</subfield>
</datafield>
<datafield tag="076" ind1="s" ind2=" ">
<subfield code="a">54</subfield>
</datafield>
<datafield tag="100" ind1=" " ind2=" ">
<subfield code="4">ctg</subfield>
<subfield code="9">(DE-588)116132469</subfield>
<subfield code="d">1828-1890</subfield>
</datafield>
<datafield tag="100" ind1="1" ind2="#">
<subfield code="a">Berghaus, Hermann</subfield>
</datafield>
<datafield tag="245" ind1="0" ind2="0">
<subfield code="a">Allgemeine Welt_Karte in Mercator's Projection.</subfield>
</datafield>
<datafield tag="255" ind1="#" ind2="#">
<subfield code="a">Circa 1:55 000 000 am Äquator</subfield>
</datafield>
<datafield tag="264" ind1="#" ind2="1">
<subfield code="a">Gotha</subfield>
<subfield code="b">Justus Perthes</subfield>
<subfield code="c">1864</subfield>
</datafield>
<datafield tag="300" ind1="#" ind2="#">
<subfield code="a">1 Karte</subfield>
</datafield>
<datafield tag="335" ind1=" " ind2=" ">
<subfield code="a">zur Uebersicht der Postschifffahrt und neuerer Reisen um die Erde.</subfield>
</datafield>
<datafield tag="359" ind1=" " ind2=" ">
<subfield code="a">von Hermann Berghaus</subfield>
</datafield>
<datafield tag="425" ind1="a" ind2=" ">
<subfield code="a">1864</subfield>
</datafield>
<datafield tag="434" ind1=" " ind2=" ">
<subfield code="a">farbig</subfield>
</datafield>
<datafield tag="435" ind1=" " ind2=" ">
<subfield code="a">56 x 74 cm</subfield>
</datafield>
<datafield tag="439" ind1=" " ind2=" ">
<subfield code="d">Farblithographie</subfield>
</datafield>
<datafield tag="501" ind1=" " ind2=" ">
<subfield code="a">Sonstige Details: Exemplar ÖAW-Sammlung Woldan in 6 Teile zerschnitten und auf Leinen aufgezogen in Leinenumschlag (31 x 27 cm)</subfield>
</datafield>
<datafield tag="655" ind1="#" ind2="7">
<subfield code="a">Weltkarte</subfield>
</datafield>
<datafield tag="902" ind1=" " ind2=" ">
<subfield code="9">(DE-588)4187844-9</subfield>
<subfield code="f">Karte</subfield>
<subfield code="s">Verkehrsweg</subfield>
</datafield>
<datafield tag="904" ind1="a" ind2=" ">
<subfield code="a">ONBREB</subfield>
</datafield>
</record>