
<record xmlns="http://www.loc.gov/MARC21/slim"
    xmlns:xsi="http://www.w3.org/2001/XMLSchema-instance"
    xsi:schemaLocation="http://www.loc.gov/MARC21/slim
    http://www.loc.gov/standards/marcxml/schema/MARC21slim.xsd">
<leader>00000nM2.01200024      h</leader>
<controlfield tag="001">AC10732316</controlfield>
<controlfield tag="002">20130301</controlfield>
<controlfield tag="003">20161116</controlfield>
<controlfield tag="026">OBVAC10732316</controlfield>
<controlfield tag="030">a|1urr|||||17</controlfield>
<controlfield tag="050">||a|||||||a|||</controlfield>
<controlfield tag="051">s|||||||</controlfield>
<controlfield tag="FMT">MH</controlfield>
<controlfield tag="LDR">00000nM2.01200024      h</controlfield>
<datafield tag="034" ind1="1" ind2="#">
<subfield code="2">bound</subfield>
<subfield code="a">a</subfield>
<subfield code="b">54000000</subfield>
<subfield code="d">W1800000</subfield>
<subfield code="e">E1800000</subfield>
<subfield code="f">N0845900</subfield>
<subfield code="g">S0352700</subfield>
</datafield>
<datafield tag="041" ind1="#" ind2="7">
<subfield code="a">ger</subfield>
</datafield>
<datafield tag="044" ind1="#" ind2="#">
<subfield code="c">XA-DXDE</subfield>
</datafield>
<datafield tag="060" ind1=" " ind2=" ">
<subfield code="b">cri</subfield>
</datafield>
<datafield tag="061" ind1=" " ind2=" ">
<subfield code="b">n</subfield>
</datafield>
<datafield tag="062" ind1=" " ind2=" ">
<subfield code="b">nb</subfield>
</datafield>
<datafield tag="064" ind1="a" ind2=" ">
<subfield code="9">(DE-588)4611904-8</subfield>
</datafield>
<datafield tag="070" ind1=" " ind2=" ">
<subfield code="a">OAW</subfield>
</datafield>
<datafield tag="070" ind1="b" ind2=" ">
<subfield code="a">OAW</subfield>
</datafield>
<datafield tag="076" ind1="s" ind2=" ">
<subfield code="a">50</subfield>
</datafield>
<datafield tag="100" ind1=" " ind2=" ">
<subfield code="4">ctg</subfield>
<subfield code="9">(DE-588)116215372</subfield>
<subfield code="d">1747-1826</subfield>
</datafield>
<datafield tag="100" ind1="1" ind2="#">
<subfield code="a">Bode, Johann Elert</subfield>
</datafield>
<datafield tag="245" ind1="0" ind2="0">
<subfield code="a">&lt;&lt;Die&gt;&gt; Obere oder Nordliche Halbkugel der Erde</subfield>
</datafield>
<datafield tag="255" ind1="#" ind2="#">
<subfield code="a">circa 1: 54 000 000</subfield>
</datafield>
<datafield tag="264" ind1="#" ind2="1">
<subfield code="a">[Berlin], [Stettin]</subfield>
<subfield code="b">[Friedrich Nicolai]</subfield>
<subfield code="c">1783</subfield>
</datafield>
<datafield tag="300" ind1="#" ind2="#">
<subfield code="a">1 Karte</subfield>
</datafield>
<datafield tag="335" ind1=" " ind2=" ">
<subfield code="a">auf den Horizont von Berlin stereographisch entworfen</subfield>
</datafield>
<datafield tag="359" ind1=" " ind2=" ">
<subfield code="a">von J. E. Bode (...); C. F. Gürsch Sc.</subfield>
</datafield>
<datafield tag="425" ind1="a" ind2=" ">
<subfield code="a">1783</subfield>
</datafield>
<datafield tag="435" ind1=" " ind2=" ">
<subfield code="a">44 x 44 cm</subfield>
</datafield>
<datafield tag="439" ind1=" " ind2=" ">
<subfield code="d">Kupferstich</subfield>
</datafield>
<datafield tag="451" ind1=" " ind2=" ">
<subfield code="a">[Auf den Horizont von Berlin entworfene neue Weltcharte in zween Hemisphären]</subfield>
<subfield code="v">[1]</subfield>
</datafield>
<datafield tag="453" ind1="m" ind2=" ">
<subfield code="a">AC10731800</subfield>
</datafield>
<datafield tag="455" ind1=" " ind2=" ">
<subfield code="a">[1]</subfield>
</datafield>
<datafield tag="456" ind1=" " ind2=" ">
<subfield code="a">[1]</subfield>
</datafield>
<datafield tag="501" ind1=" " ind2=" ">
<subfield code="a">Projektion: Stereographische Projektion mit Projektionszentrum Berlin</subfield>
</datafield>
<datafield tag="655" ind1="#" ind2="7">
<subfield code="a">Altkarte</subfield>
</datafield>
<datafield tag="677" ind1=" " ind2=" ">
<subfield code="9">(DE-588)130385468</subfield>
<subfield code="p">Gürsch, Carl Friedrich</subfield>
</datafield>
<datafield tag="700" ind1="1" ind2="#">
<subfield code="4">egr</subfield>
</datafield>
</record>