
<record xmlns="http://www.loc.gov/MARC21/slim"
    xmlns:xsi="http://www.w3.org/2001/XMLSchema-instance"
    xsi:schemaLocation="http://www.loc.gov/MARC21/slim
    http://www.loc.gov/standards/marcxml/schema/MARC21slim.xsd">
<leader>00000nM2.01200024      h</leader>
<controlfield tag="001">AC10731800</controlfield>
<controlfield tag="002">20130301</controlfield>
<controlfield tag="003">20160223</controlfield>
<controlfield tag="026">OBVAC10731800</controlfield>
<controlfield tag="030">a|1urr|||||17</controlfield>
<controlfield tag="050">||a|||||||a|||</controlfield>
<controlfield tag="051">n|||||||</controlfield>
<controlfield tag="FMT">MH</controlfield>
<controlfield tag="LDR">00000nM2.01200024      h</controlfield>
<datafield tag="041" ind1="#" ind2="7">
<subfield code="a">ger</subfield>
</datafield>
<datafield tag="044" ind1="#" ind2="#">
<subfield code="c">XA-DXDE</subfield>
</datafield>
<datafield tag="060" ind1=" " ind2=" ">
<subfield code="b">txt</subfield>
</datafield>
<datafield tag="061" ind1=" " ind2=" ">
<subfield code="b">n</subfield>
</datafield>
<datafield tag="062" ind1=" " ind2=" ">
<subfield code="b">nc</subfield>
</datafield>
<datafield tag="070" ind1=" " ind2=" ">
<subfield code="a">OAW</subfield>
</datafield>
<datafield tag="070" ind1="b" ind2=" ">
<subfield code="a">OAW</subfield>
</datafield>
<datafield tag="076" ind1="s" ind2=" ">
<subfield code="a">50</subfield>
</datafield>
<datafield tag="100" ind1=" " ind2=" ">
<subfield code="9">(DE-588)116215372</subfield>
<subfield code="d">1747-1826</subfield>
</datafield>
<datafield tag="100" ind1="1" ind2="#">
<subfield code="a">Bode, Johann Elert</subfield>
</datafield>
<datafield tag="245" ind1="0" ind2="0">
<subfield code="a">[Auf den Horizont von Berlin entworfene neue Weltcharte in zween Hemisphären]</subfield>
</datafield>
<datafield tag="264" ind1="#" ind2="1">
<subfield code="a">Berlin, Stettin</subfield>
<subfield code="b">Friedrich Nicolai</subfield>
<subfield code="c">1783</subfield>
</datafield>
<datafield tag="335" ind1=" " ind2=" ">
<subfield code="a">[worauf die neuesten Entdeckungen angezeigt werden]</subfield>
</datafield>
<datafield tag="359" ind1=" " ind2=" ">
<subfield code="a">J. B. Bode ; bey Friedrich Nicolei</subfield>
</datafield>
<datafield tag="425" ind1="a" ind2=" ">
<subfield code="a">1783</subfield>
</datafield>
<datafield tag="501" ind1=" " ind2=" ">
<subfield code="a">Pränumerationsausgabe. - Zwei Karten und eine Beschreibung</subfield>
</datafield>
<datafield tag="677" ind1=" " ind2=" ">
<subfield code="9">(DE-588)118587668</subfield>
<subfield code="d">1733-1811</subfield>
<subfield code="p">Nicolai, Friedrich</subfield>
</datafield>
<datafield tag="700" ind1="1" ind2="#">
<subfield code="4">pbl</subfield>
</datafield>
</record>