
<record xmlns="http://www.loc.gov/MARC21/slim"
    xmlns:xsi="http://www.w3.org/2001/XMLSchema-instance"
    xsi:schemaLocation="http://www.loc.gov/MARC21/slim
    http://www.loc.gov/standards/marcxml/schema/MARC21slim.xsd">
<leader>     nM2.01200024      h</leader>
<controlfield tag="001">AC04568655</controlfield>
<controlfield tag="002">20050712</controlfield>
<controlfield tag="003">20161121</controlfield>
<controlfield tag="026">OBVAC04568655</controlfield>
<controlfield tag="030">a|1urr|||||17</controlfield>
<controlfield tag="050">||a|||||||a|||</controlfield>
<controlfield tag="051">m||||||</controlfield>
<controlfield tag="FMT">MH</controlfield>
<controlfield tag="LDR">     nM2.01200024      h</controlfield>
<datafield tag="034" ind1="1" ind2="#">
<subfield code="2">bound</subfield>
<subfield code="a">a</subfield>
<subfield code="b">160000</subfield>
<subfield code="d">E0102500</subfield>
<subfield code="e">E0122600</subfield>
<subfield code="f">N0474400</subfield>
<subfield code="g">N0454000</subfield>
</datafield>
<datafield tag="041" ind1="#" ind2="7">
<subfield code="a">ger</subfield>
</datafield>
<datafield tag="044" ind1="#" ind2="#">
<subfield code="c">XA-AAAT</subfield>
</datafield>
<datafield tag="060" ind1=" " ind2=" ">
<subfield code="b">cri</subfield>
</datafield>
<datafield tag="061" ind1=" " ind2=" ">
<subfield code="b">n</subfield>
</datafield>
<datafield tag="062" ind1=" " ind2=" ">
<subfield code="b">nb</subfield>
</datafield>
<datafield tag="064" ind1="a" ind2=" ">
<subfield code="9">(DE-588)4611904-8</subfield>
</datafield>
<datafield tag="070" ind1=" " ind2=" ">
<subfield code="a">ONB</subfield>
</datafield>
<datafield tag="070" ind1="b" ind2=" ">
<subfield code="a">OAW</subfield>
</datafield>
<datafield tag="076" ind1="f" ind2=" ">
<subfield code="a">Erfassung ONB-Karten</subfield>
</datafield>
<datafield tag="076" ind1="s" ind2=" ">
<subfield code="a">50</subfield>
</datafield>
<datafield tag="100" ind1=" " ind2=" ">
<subfield code="4">ctg</subfield>
<subfield code="9">(DE-588)121479927</subfield>
<subfield code="d">1573-1642</subfield>
</datafield>
<datafield tag="100" ind1="1" ind2="#">
<subfield code="a">Burgklehner, Matthias</subfield>
</datafield>
<datafield tag="245" ind1="0" ind2="0">
<subfield code="a">&lt;&lt;Die&gt;&gt; Fr. Grafschaft Tirol</subfield>
</datafield>
<datafield tag="246" ind1="0" ind2="3">
<subfield code="a">&lt;&lt;Die&gt;&gt; Fürstliche Grafschaft Tirol</subfield>
</datafield>
<datafield tag="255" ind1="#" ind2="#">
<subfield code="a">Circa 1:160 000</subfield>
</datafield>
<datafield tag="264" ind1="#" ind2="1">
<subfield code="a">Innsbruck</subfield>
<subfield code="b">[Verlag nicht ermittelbar]</subfield>
<subfield code="c">1629</subfield>
</datafield>
<datafield tag="300" ind1="#" ind2="#">
<subfield code="a">1 Karte</subfield>
</datafield>
<datafield tag="359" ind1=" " ind2=" ">
<subfield code="a">Mathias Bürgklehner</subfield>
</datafield>
<datafield tag="425" ind1="a" ind2=" ">
<subfield code="a">1629</subfield>
</datafield>
<datafield tag="435" ind1=" " ind2=" ">
<subfield code="a">150 x 140 cm</subfield>
</datafield>
<datafield tag="439" ind1=" " ind2=" ">
<subfield code="d">Kupferstich</subfield>
</datafield>
<datafield tag="501" ind1=" " ind2=" ">
<subfield code="a">Sonstige Details: Exemplar ÖAW-Sammlung Woldan in12 Teile zerschnitten (55 x 40 cm)</subfield>
</datafield>
<datafield tag="655" ind1="#" ind2="7">
<subfield code="a">Altkarte</subfield>
</datafield>
<datafield tag="677" ind1=" " ind2=" ">
<subfield code="9">(DE-588)130490253</subfield>
<subfield code="d">1589-nach 1669</subfield>
<subfield code="p">Spängler, Andreas</subfield>
</datafield>
<datafield tag="700" ind1="1" ind2="#">
<subfield code="4">egr</subfield>
</datafield>
<datafield tag="902" ind1=" " ind2=" ">
<subfield code="9">(DE-588)4060207-2</subfield>
<subfield code="f">Altkarte</subfield>
<subfield code="g">Tirol</subfield>
</datafield>
<datafield tag="904" ind1="a" ind2=" ">
<subfield code="a">ONBKRP</subfield>
</datafield>
</record>