
<record xmlns="http://www.loc.gov/MARC21/slim"
    xmlns:xsi="http://www.w3.org/2001/XMLSchema-instance"
    xsi:schemaLocation="http://www.loc.gov/MARC21/slim
    http://www.loc.gov/standards/marcxml/schema/MARC21slim.xsd">
<leader>00000nM2.01200024      h</leader>
<controlfield tag="001">AC12408343</controlfield>
<controlfield tag="002">20150817</controlfield>
<controlfield tag="003">20161116</controlfield>
<controlfield tag="026">OBVAC12408343</controlfield>
<controlfield tag="030">a|1urr|||||17</controlfield>
<controlfield tag="050">||a|||||||a|||</controlfield>
<controlfield tag="051">m|||||||</controlfield>
<controlfield tag="FMT">MH</controlfield>
<controlfield tag="LDR">00000nM2.01200024      h</controlfield>
<datafield tag="034" ind1="1" ind2="#">
<subfield code="2">bound</subfield>
<subfield code="a">a</subfield>
<subfield code="b">5000000</subfield>
<subfield code="d">W0094600</subfield>
<subfield code="e">E0390600</subfield>
<subfield code="f">N0293400</subfield>
<subfield code="g">N0454400</subfield>
</datafield>
<datafield tag="041" ind1="#" ind2="7">
<subfield code="a">dut</subfield>
</datafield>
<datafield tag="044" ind1="#" ind2="#">
<subfield code="c">XA-NL</subfield>
</datafield>
<datafield tag="060" ind1=" " ind2=" ">
<subfield code="b">cri</subfield>
</datafield>
<datafield tag="061" ind1=" " ind2=" ">
<subfield code="b">n</subfield>
</datafield>
<datafield tag="062" ind1=" " ind2=" ">
<subfield code="b">nb</subfield>
</datafield>
<datafield tag="064" ind1="a" ind2=" ">
<subfield code="9">(DE-588)4611904-8</subfield>
</datafield>
<datafield tag="070" ind1=" " ind2=" ">
<subfield code="a">OAW</subfield>
</datafield>
<datafield tag="070" ind1="b" ind2=" ">
<subfield code="a">OAW</subfield>
</datafield>
<datafield tag="076" ind1="s" ind2=" ">
<subfield code="a">50</subfield>
</datafield>
<datafield tag="100" ind1=" " ind2=" ">
<subfield code="4">ctg</subfield>
<subfield code="9">(DE-588)1112274804</subfield>
<subfield code="d">1624-1668</subfield>
</datafield>
<datafield tag="100" ind1="1" ind2="#">
<subfield code="a">Colom, Arnold</subfield>
</datafield>
<datafield tag="245" ind1="0" ind2="0">
<subfield code="a">Middel-landtsche Zee</subfield>
</datafield>
<datafield tag="255" ind1="#" ind2="#">
<subfield code="a">Circa 1:5 000 000</subfield>
</datafield>
<datafield tag="264" ind1="#" ind2="1">
<subfield code="a">Amsterdam</subfield>
<subfield code="c">[1668]</subfield>
</datafield>
<datafield tag="300" ind1="#" ind2="#">
<subfield code="a">1 Karte in 2 Teilen</subfield>
</datafield>
<datafield tag="359" ind1=" " ind2=" ">
<subfield code="a">nieuwlix uytgegeven door Arnold Colom op het Water by Nieuwe brugh inde Lichtende Colom tot Amsterdam</subfield>
</datafield>
<datafield tag="425" ind1="a" ind2=" ">
<subfield code="a">1668</subfield>
</datafield>
<datafield tag="434" ind1=" " ind2=" ">
<subfield code="a">schwarz-weiß</subfield>
</datafield>
<datafield tag="435" ind1=" " ind2=" ">
<subfield code="a">53 x 63 cm</subfield>
</datafield>
<datafield tag="439" ind1=" " ind2=" ">
<subfield code="d">Kupferstich</subfield>
</datafield>
<datafield tag="501" ind1=" " ind2=" ">
<subfield code="a">Sonstige Details: Exemplar ÖAW-Sammlung Woldan grenzkoloriert</subfield>
</datafield>
<datafield tag="655" ind1="#" ind2="7">
<subfield code="a">Altkarte</subfield>
</datafield>
<datafield tag="902" ind1=" " ind2=" ">
<subfield code="9">(DE-588)4074895-9</subfield>
<subfield code="f">Altkarte</subfield>
<subfield code="g">Mittelmeer</subfield>
</datafield>
<datafield tag="904" ind1="a" ind2=" ">
<subfield code="a">OAWKXA</subfield>
</datafield>
</record>