
<record xmlns="http://www.loc.gov/MARC21/slim"
    xmlns:xsi="http://www.w3.org/2001/XMLSchema-instance"
    xsi:schemaLocation="http://www.loc.gov/MARC21/slim
    http://www.loc.gov/standards/marcxml/schema/MARC21slim.xsd">
<leader>     nM2.01200024      h</leader>
<controlfield tag="001">AC03793289</controlfield>
<controlfield tag="002">20030808</controlfield>
<controlfield tag="003">20161116</controlfield>
<controlfield tag="026">OBVAC03793289</controlfield>
<controlfield tag="030">a|1urr|||||17</controlfield>
<controlfield tag="050">||a|||||||a|||</controlfield>
<controlfield tag="051">m||||||</controlfield>
<controlfield tag="FMT">MH</controlfield>
<controlfield tag="LDR">     nM2.01200024      h</controlfield>
<datafield tag="034" ind1="1" ind2="#">
<subfield code="2">bound</subfield>
<subfield code="a">a</subfield>
<subfield code="b">1584000</subfield>
<subfield code="d">E0082800</subfield>
<subfield code="e">E0254700</subfield>
<subfield code="f">N0510300</subfield>
<subfield code="g">N0421300</subfield>
</datafield>
<datafield tag="041" ind1="#" ind2="7">
<subfield code="a">ger</subfield>
</datafield>
<datafield tag="044" ind1="#" ind2="#">
<subfield code="c">XA-AAAT</subfield>
</datafield>
<datafield tag="060" ind1=" " ind2=" ">
<subfield code="b">cri</subfield>
</datafield>
<datafield tag="061" ind1=" " ind2=" ">
<subfield code="b">n</subfield>
</datafield>
<datafield tag="062" ind1=" " ind2=" ">
<subfield code="b">nb</subfield>
</datafield>
<datafield tag="064" ind1="a" ind2=" ">
<subfield code="9">(DE-588)4611904-8</subfield>
</datafield>
<datafield tag="070" ind1=" " ind2=" ">
<subfield code="a">ONB</subfield>
</datafield>
<datafield tag="070" ind1="b" ind2=" ">
<subfield code="a">OAW</subfield>
</datafield>
<datafield tag="076" ind1="s" ind2=" ">
<subfield code="a">54</subfield>
</datafield>
<datafield tag="100" ind1=" " ind2=" ">
<subfield code="4">ctg</subfield>
<subfield code="9">(DE-588)119188295</subfield>
<subfield code="d">1804-1889</subfield>
</datafield>
<datafield tag="100" ind1="1" ind2="#">
<subfield code="a">Czörnig, Karl &lt;&lt;von&gt;&gt;</subfield>
</datafield>
<datafield tag="245" ind1="0" ind2="0">
<subfield code="a">Ethnographische Karte der Oesterreichischen Monarchie</subfield>
</datafield>
<datafield tag="255" ind1="#" ind2="#">
<subfield code="a">1:1 584 000</subfield>
</datafield>
<datafield tag="264" ind1="#" ind2="1">
<subfield code="a">Wien</subfield>
<subfield code="b">[Verlag nicht ermittelbar]</subfield>
<subfield code="c">1856</subfield>
</datafield>
<datafield tag="300" ind1="#" ind2="#">
<subfield code="a">1 Karte</subfield>
</datafield>
<datafield tag="359" ind1=" " ind2=" ">
<subfield code="a">von Carl Freiherrn von Czoernig reducirt nach dessen von der k. k. Direction der administrativen Statistik herausgegebenen Ethnographischen Karte der Monarchie in 4 Blättern</subfield>
</datafield>
<datafield tag="425" ind1="a" ind2=" ">
<subfield code="a">1856</subfield>
</datafield>
<datafield tag="434" ind1=" " ind2=" ">
<subfield code="a">farbig</subfield>
</datafield>
<datafield tag="435" ind1=" " ind2=" ">
<subfield code="a">54 x 74,5 cm</subfield>
</datafield>
<datafield tag="439" ind1=" " ind2=" ">
<subfield code="d">Lithographie</subfield>
</datafield>
<datafield tag="501" ind1=" " ind2=" ">
<subfield code="a">Gitterlinien: Gitternetz ohne geographische Angaben</subfield>
</datafield>
<datafield tag="655" ind1="#" ind2="7">
<subfield code="a">Altkarte</subfield>
</datafield>
<datafield tag="902" ind1=" " ind2=" ">
<subfield code="9">(DE-588)4078937-8</subfield>
<subfield code="f">Karte</subfield>
<subfield code="g">Österreich</subfield>
<subfield code="s">Volkskunde</subfield>
</datafield>
<datafield tag="904" ind1="a" ind2=" ">
<subfield code="a">ONBKRP</subfield>
</datafield>
<datafield tag="907" ind1=" " ind2=" ">
<subfield code="9">(DE-588)4078238-4</subfield>
<subfield code="f">Karte</subfield>
<subfield code="g">Österreich</subfield>
<subfield code="s">Thematische Karte</subfield>
</datafield>
<datafield tag="909" ind1="a" ind2=" ">
<subfield code="a">ONBKRP</subfield>
</datafield>
</record>