
<record xmlns="http://www.loc.gov/MARC21/slim"
    xmlns:xsi="http://www.w3.org/2001/XMLSchema-instance"
    xsi:schemaLocation="http://www.loc.gov/MARC21/slim
    http://www.loc.gov/standards/marcxml/schema/MARC21slim.xsd">
<leader>00000nM2.01200024      h</leader>
<controlfield tag="001">AC13039133</controlfield>
<controlfield tag="002">20160824</controlfield>
<controlfield tag="003">20161116</controlfield>
<controlfield tag="026">OBVAC13039133</controlfield>
<controlfield tag="030">a|1urr|||||17</controlfield>
<controlfield tag="050">||a|||||||a|||</controlfield>
<controlfield tag="051">m|||||||</controlfield>
<controlfield tag="FMT">MH</controlfield>
<controlfield tag="LDR">00000nM2.01200024      h</controlfield>
<datafield tag="034" ind1="1" ind2="#">
<subfield code="2">bound</subfield>
<subfield code="a">a</subfield>
<subfield code="b">2500000</subfield>
<subfield code="d">W1410400</subfield>
<subfield code="e">W0795800</subfield>
<subfield code="f">N0773900</subfield>
<subfield code="g">N0412500</subfield>
</datafield>
<datafield tag="041" ind1="#" ind2="7">
<subfield code="a">eng</subfield>
</datafield>
<datafield tag="044" ind1="#" ind2="#">
<subfield code="c">XD-CA</subfield>
</datafield>
<datafield tag="060" ind1=" " ind2=" ">
<subfield code="b">cri</subfield>
</datafield>
<datafield tag="061" ind1=" " ind2=" ">
<subfield code="b">n</subfield>
</datafield>
<datafield tag="062" ind1=" " ind2=" ">
<subfield code="b">nb</subfield>
</datafield>
<datafield tag="064" ind1="a" ind2=" ">
<subfield code="9">(DE-588)4029783-4</subfield>
</datafield>
<datafield tag="070" ind1=" " ind2=" ">
<subfield code="a">OAW</subfield>
</datafield>
<datafield tag="070" ind1="b" ind2=" ">
<subfield code="a">OAW</subfield>
</datafield>
<datafield tag="076" ind1="s" ind2=" ">
<subfield code="a">54</subfield>
</datafield>
<datafield tag="100" ind1=" " ind2=" ">
<subfield code="4">ctg</subfield>
<subfield code="9">(DE-588)1112224955</subfield>
<subfield code="d">1818-1888</subfield>
</datafield>
<datafield tag="100" ind1="1" ind2="#">
<subfield code="a">Devine, Thomas</subfield>
</datafield>
<datafield tag="104" ind1="b" ind2=" ">
<subfield code="3">AuftraggeberIn</subfield>
<subfield code="4">oth</subfield>
<subfield code="9">(DE-588)1112226028</subfield>
<subfield code="d">1816-1885</subfield>
<subfield code="p">Cauchon, Joseph-Édouard</subfield>
</datafield>
<datafield tag="245" ind1="0" ind2="0">
<subfield code="a">Map of the Northwest Part of Canada Indian Territories &amp; Hudson's Bay</subfield>
</datafield>
<datafield tag="255" ind1="#" ind2="#">
<subfield code="a">Circa 1:2 500 000</subfield>
</datafield>
<datafield tag="264" ind1="#" ind2="1">
<subfield code="a">Toronto</subfield>
<subfield code="b">Maclear &amp; Co Lith</subfield>
<subfield code="c">March, 1857</subfield>
</datafield>
<datafield tag="300" ind1="#" ind2="#">
<subfield code="a">1 Karte aut 4 Blättern</subfield>
</datafield>
<datafield tag="359" ind1=" " ind2=" ">
<subfield code="a">Compiled &amp; Drawn by ThOS Devine Provincial Land Surveyor &amp; Draftsman by Order of the HONE Joseph Cauchon, Commissioner of Crown Lands</subfield>
</datafield>
<datafield tag="425" ind1="a" ind2=" ">
<subfield code="a">1857</subfield>
</datafield>
<datafield tag="434" ind1=" " ind2=" ">
<subfield code="a">farbig</subfield>
</datafield>
<datafield tag="435" ind1=" " ind2=" ">
<subfield code="a">154 x 142 cm, Blätter 90 x 81 cm</subfield>
</datafield>
<datafield tag="439" ind1=" " ind2=" ">
<subfield code="d">Lithografie</subfield>
</datafield>
<datafield tag="501" ind1=" " ind2=" ">
<subfield code="a">Nullmeridian: Greenwich</subfield>
</datafield>
<datafield tag="655" ind1="#" ind2="7">
<subfield code="a">Karte</subfield>
</datafield>
</record>