
<record xmlns="http://www.loc.gov/MARC21/slim"
    xmlns:xsi="http://www.w3.org/2001/XMLSchema-instance"
    xsi:schemaLocation="http://www.loc.gov/MARC21/slim
    http://www.loc.gov/standards/marcxml/schema/MARC21slim.xsd">
<leader>00000nM2.01200024||||||h</leader>
<controlfield tag="001">AC13304657</controlfield>
<controlfield tag="002">20160826</controlfield>
<controlfield tag="026">OBVAC13304657</controlfield>
<controlfield tag="030">a|1urr|||||17</controlfield>
<controlfield tag="050">a|a|||||||||||</controlfield>
<controlfield tag="051">s|||||||</controlfield>
<controlfield tag="FMT">MH</controlfield>
<controlfield tag="LDR">00000nM2.01200024||||||h</controlfield>
<datafield tag="034" ind1="1" ind2="#">
<subfield code="2">bound</subfield>
<subfield code="a">a</subfield>
<subfield code="b">25000000</subfield>
<subfield code="d">E1303800</subfield>
<subfield code="e">W1093200</subfield>
<subfield code="f">N0555800</subfield>
<subfield code="g">S0091000</subfield>
</datafield>
<datafield tag="041" ind1="#" ind2="7">
<subfield code="a">fre</subfield>
</datafield>
<datafield tag="044" ind1="#" ind2="#">
<subfield code="c">XA-FR</subfield>
</datafield>
<datafield tag="060" ind1=" " ind2=" ">
<subfield code="b">cri</subfield>
</datafield>
<datafield tag="061" ind1=" " ind2=" ">
<subfield code="b">n</subfield>
</datafield>
<datafield tag="062" ind1=" " ind2=" ">
<subfield code="b">nb</subfield>
</datafield>
<datafield tag="064" ind1="a" ind2=" ">
<subfield code="9">(DE-588)4611904-8</subfield>
</datafield>
<datafield tag="070" ind1=" " ind2=" ">
<subfield code="a">OAW</subfield>
</datafield>
<datafield tag="076" ind1="s" ind2=" ">
<subfield code="a">50</subfield>
</datafield>
<datafield tag="100" ind1=" " ind2=" ">
<subfield code="9">(DE-588)124755763</subfield>
<subfield code="d">1619-1683</subfield>
</datafield>
<datafield tag="100" ind1="1" ind2="#">
<subfield code="a">Duval, Pierre</subfield>
</datafield>
<datafield tag="245" ind1="0" ind2="0">
<subfield code="a">&lt;&lt;Le&gt;&gt; Nouveau Mexique et La Terre de Jesso</subfield>
</datafield>
<datafield tag="264" ind1="#" ind2="1">
<subfield code="a">Paris</subfield>
<subfield code="b">Chez M. Du Val, Fille de l'Auteur</subfield>
<subfield code="c">1679</subfield>
</datafield>
<datafield tag="300" ind1="#" ind2="#">
<subfield code="a">1 Karte</subfield>
</datafield>
<datafield tag="335" ind1=" " ind2=" ">
<subfield code="a">Par P. Du-val Geographe du Roy ; Liebaux sculpsit</subfield>
</datafield>
<datafield tag="425" ind1="a" ind2=" ">
<subfield code="a">1679</subfield>
</datafield>
<datafield tag="434" ind1=" " ind2=" ">
<subfield code="a">schwarz-weiß</subfield>
</datafield>
<datafield tag="435" ind1=" " ind2=" ">
<subfield code="a">40 x 43 cm</subfield>
</datafield>
<datafield tag="451" ind1=" " ind2=" ">
<subfield code="a">&lt;&lt;L'&gt;&gt;Amerique</subfield>
<subfield code="v">[1]</subfield>
</datafield>
<datafield tag="453" ind1="m" ind2=" ">
<subfield code="a">AC13304633</subfield>
</datafield>
<datafield tag="454" ind1=" " ind2=" ">
<subfield code="a">[1]</subfield>
</datafield>
<datafield tag="455" ind1=" " ind2=" ">
<subfield code="a">1</subfield>
</datafield>
<datafield tag="501" ind1=" " ind2=" ">
<subfield code="a">Sonstige Details: Exemplar ÖAW-Sammlung Woldan grenzkoloriert</subfield>
</datafield>
<datafield tag="655" ind1="#" ind2="7">
<subfield code="a">Altkarte</subfield>
</datafield>
<datafield tag="677" ind1=" " ind2=" ">
<subfield code="9">(DE-588)103760873</subfield>
<subfield code="p">Liébaux, Jean Baptiste</subfield>
</datafield>
<datafield tag="700" ind1="1" ind2="#">
<subfield code="4">egr</subfield>
</datafield>
</record>