
<record xmlns="http://www.loc.gov/MARC21/slim"
    xmlns:xsi="http://www.w3.org/2001/XMLSchema-instance"
    xsi:schemaLocation="http://www.loc.gov/MARC21/slim
    http://www.loc.gov/standards/marcxml/schema/MARC21slim.xsd">
<leader>     nM2.01200024      h</leader>
<controlfield tag="001">AC12211701</controlfield>
<controlfield tag="002">20150312</controlfield>
<controlfield tag="003">20161116</controlfield>
<controlfield tag="026">OBVAC12211701</controlfield>
<controlfield tag="030">a|1urr|||||17</controlfield>
<controlfield tag="050">||a|||||||a|||</controlfield>
<controlfield tag="051">m||||||</controlfield>
<controlfield tag="FMT">MH</controlfield>
<controlfield tag="LDR">     nM2.01200024      h</controlfield>
<datafield tag="034" ind1="1" ind2="#">
<subfield code="2">bound</subfield>
<subfield code="a">a</subfield>
<subfield code="b">1000000</subfield>
<subfield code="d">E0044200</subfield>
<subfield code="e">E0080700</subfield>
<subfield code="f">N0484000</subfield>
<subfield code="g">N0450000</subfield>
</datafield>
<datafield tag="041" ind1="#" ind2="7">
<subfield code="a">ita</subfield>
</datafield>
<datafield tag="044" ind1="#" ind2="#">
<subfield code="c">XA-IT</subfield>
</datafield>
<datafield tag="060" ind1=" " ind2=" ">
<subfield code="b">cri</subfield>
</datafield>
<datafield tag="061" ind1=" " ind2=" ">
<subfield code="b">n</subfield>
</datafield>
<datafield tag="062" ind1=" " ind2=" ">
<subfield code="b">nb</subfield>
</datafield>
<datafield tag="064" ind1="a" ind2=" ">
<subfield code="9">(DE-588)4611904-8</subfield>
</datafield>
<datafield tag="070" ind1=" " ind2=" ">
<subfield code="a">OAW</subfield>
</datafield>
<datafield tag="070" ind1="b" ind2=" ">
<subfield code="a">OAW</subfield>
</datafield>
<datafield tag="076" ind1="s" ind2=" ">
<subfield code="a">54</subfield>
</datafield>
<datafield tag="100" ind1=" " ind2=" ">
<subfield code="4">ctg</subfield>
<subfield code="9">(DE-588)122650328</subfield>
<subfield code="d">ca. 16. Jh.</subfield>
</datafield>
<datafield tag="100" ind1="1" ind2="#">
<subfield code="a">Forlani, Paolo &lt;&lt;de&gt;&gt;</subfield>
</datafield>
<datafield tag="245" ind1="0" ind2="0">
<subfield code="a">Descrittione del Ducato di Savoia novamente posto in luce in Venetia L'anno MDLXII</subfield>
</datafield>
<datafield tag="255" ind1="#" ind2="#">
<subfield code="a">Circa 1:1 000 000</subfield>
</datafield>
<datafield tag="264" ind1="#" ind2="3">
<subfield code="a">Venetia</subfield>
<subfield code="b">Ferando Berteli libraro exc.</subfield>
<subfield code="c">1562</subfield>
</datafield>
<datafield tag="300" ind1="#" ind2="#">
<subfield code="a">1 Karte</subfield>
</datafield>
<datafield tag="359" ind1=" " ind2=" ">
<subfield code="a">Prontissimo Servitore, Paulo Forlani, Veronese.</subfield>
</datafield>
<datafield tag="425" ind1="a" ind2=" ">
<subfield code="a">1562</subfield>
</datafield>
<datafield tag="435" ind1=" " ind2=" ">
<subfield code="a">37 x 49 cm</subfield>
</datafield>
<datafield tag="439" ind1=" " ind2=" ">
<subfield code="d">Kupferstich</subfield>
</datafield>
<datafield tag="501" ind1=" " ind2=" ">
<subfield code="a">Ausrichtung: Osten</subfield>
</datafield>
<datafield tag="655" ind1="#" ind2="7">
<subfield code="a">Altkarte</subfield>
</datafield>
<datafield tag="677" ind1=" " ind2=" ">
<subfield code="9">(DE-588)121336549</subfield>
<subfield code="p">Bertelli, Ferdinando</subfield>
</datafield>
<datafield tag="700" ind1="1" ind2="#">
<subfield code="4">prt</subfield>
</datafield>
<datafield tag="902" ind1=" " ind2=" ">
<subfield code="9">(DE-588)4051850-4</subfield>
<subfield code="f">Altkarte</subfield>
<subfield code="g">Savoyen</subfield>
</datafield>
<datafield tag="904" ind1="a" ind2=" ">
<subfield code="a">OAWKXA</subfield>
</datafield>
</record>