
<record xmlns="http://www.loc.gov/MARC21/slim"
    xmlns:xsi="http://www.w3.org/2001/XMLSchema-instance"
    xsi:schemaLocation="http://www.loc.gov/MARC21/slim
    http://www.loc.gov/standards/marcxml/schema/MARC21slim.xsd">
<leader>     nM2.01200024      h</leader>
<controlfield tag="001">AC04077324</controlfield>
<controlfield tag="002">20040423</controlfield>
<controlfield tag="003">20161116</controlfield>
<controlfield tag="026">OBVAC04077324</controlfield>
<controlfield tag="030">a|1urr|||||17</controlfield>
<controlfield tag="050">||a|||||||a|||</controlfield>
<controlfield tag="051">m||||||</controlfield>
<controlfield tag="FMT">MH</controlfield>
<controlfield tag="LDR">     nM2.01200024      h</controlfield>
<datafield tag="034" ind1="1" ind2="#">
<subfield code="2">bound</subfield>
<subfield code="a">3000000</subfield>
<subfield code="d">E0073900</subfield>
<subfield code="e">E0263700</subfield>
<subfield code="f">N0505400</subfield>
<subfield code="g">N0415800</subfield>
</datafield>
<datafield tag="041" ind1="#" ind2="7">
<subfield code="a">ger</subfield>
</datafield>
<datafield tag="044" ind1="#" ind2="#">
<subfield code="c">XA-AAAT</subfield>
</datafield>
<datafield tag="060" ind1=" " ind2=" ">
<subfield code="b">cri</subfield>
</datafield>
<datafield tag="061" ind1=" " ind2=" ">
<subfield code="b">n</subfield>
</datafield>
<datafield tag="062" ind1=" " ind2=" ">
<subfield code="b">nb</subfield>
</datafield>
<datafield tag="064" ind1="a" ind2=" ">
<subfield code="9">(DE-588)4611904-8</subfield>
</datafield>
<datafield tag="070" ind1=" " ind2=" ">
<subfield code="a">OAW</subfield>
</datafield>
<datafield tag="070" ind1="b" ind2=" ">
<subfield code="a">OAW</subfield>
</datafield>
<datafield tag="076" ind1="s" ind2=" ">
<subfield code="a">50</subfield>
</datafield>
<datafield tag="100" ind1=" " ind2=" ">
<subfield code="4">ctg</subfield>
<subfield code="9">(DE-588)129099090</subfield>
<subfield code="d">ca. 1790 - nach 1866</subfield>
</datafield>
<datafield tag="100" ind1="1" ind2="#">
<subfield code="a">Fried, Franz</subfield>
</datafield>
<datafield tag="245" ind1="0" ind2="0">
<subfield code="a">Karte der Œsterreichischen Monarchie</subfield>
</datafield>
<datafield tag="255" ind1="#" ind2="#">
<subfield code="a">Circa 1:3 000 000</subfield>
</datafield>
<datafield tag="264" ind1="#" ind2="1">
<subfield code="a">Wien</subfield>
<subfield code="b">ARTARIA &amp; Co.</subfield>
<subfield code="c">1859</subfield>
</datafield>
<datafield tag="300" ind1="#" ind2="#">
<subfield code="a">1 Karte</subfield>
</datafield>
<datafield tag="359" ind1=" " ind2=" ">
<subfield code="a">von F. Fried.; Gest. v. D. Biller.</subfield>
</datafield>
<datafield tag="425" ind1="a" ind2=" ">
<subfield code="a">1859</subfield>
</datafield>
<datafield tag="435" ind1=" " ind2=" ">
<subfield code="a">33,5 x 47,5 cm</subfield>
</datafield>
<datafield tag="439" ind1=" " ind2=" ">
<subfield code="d">Kupferstich</subfield>
</datafield>
<datafield tag="501" ind1=" " ind2=" ">
<subfield code="a">Sonstige Details: Exemplar ÖAW-Sammlung Woldan Kronländer sind Grenzkoloriert</subfield>
</datafield>
<datafield tag="530" ind1=" " ind2=" ">
<subfield code="a">Atlas der neuesten Geographie, 8</subfield>
<subfield code="p">Aus:</subfield>
</datafield>
<datafield tag="655" ind1="#" ind2="7">
<subfield code="a">Altkarte</subfield>
</datafield>
<datafield tag="677" ind1=" " ind2=" ">
<subfield code="9">(DE-588)2030321-X</subfield>
<subfield code="d">1812-1884</subfield>
<subfield code="h">Wien</subfield>
<subfield code="k">Artaria und Compagnie</subfield>
<subfield code="p">Biller, Dominik</subfield>
</datafield>
<datafield tag="700" ind1="1" ind2="#">
<subfield code="4">pbl</subfield>
</datafield>
<datafield tag="902" ind1=" " ind2=" ">
<subfield code="9">(DE-588)4075613-0</subfield>
<subfield code="f">Karte</subfield>
<subfield code="g">Österreich-Ungarn</subfield>
</datafield>
<datafield tag="904" ind1="a" ind2=" ">
<subfield code="a">ONBKRP</subfield>
</datafield>
</record>