
<record xmlns="http://www.loc.gov/MARC21/slim"
    xmlns:xsi="http://www.w3.org/2001/XMLSchema-instance"
    xsi:schemaLocation="http://www.loc.gov/MARC21/slim
    http://www.loc.gov/standards/marcxml/schema/MARC21slim.xsd">
<leader>     nM2.01200024      h</leader>
<controlfield tag="001">AC04031277</controlfield>
<controlfield tag="002">20040310</controlfield>
<controlfield tag="003">20161116</controlfield>
<controlfield tag="026">OBVAC04031277</controlfield>
<controlfield tag="030">z|1dcr|||||17</controlfield>
<controlfield tag="050">||a|||||||a|||</controlfield>
<controlfield tag="051">m||||||</controlfield>
<controlfield tag="FMT">MH</controlfield>
<controlfield tag="LDR">     nM2.01200024      h</controlfield>
<datafield tag="034" ind1="1" ind2="#">
<subfield code="2">bound</subfield>
<subfield code="a">a</subfield>
<subfield code="b">2000000</subfield>
<subfield code="d">E0063700</subfield>
<subfield code="e">E0272900</subfield>
<subfield code="f">N0512800</subfield>
<subfield code="g">N0414500</subfield>
</datafield>
<datafield tag="041" ind1="#" ind2="7">
<subfield code="a">ger</subfield>
</datafield>
<datafield tag="044" ind1="#" ind2="#">
<subfield code="c">XA-AAAT</subfield>
</datafield>
<datafield tag="060" ind1=" " ind2=" ">
<subfield code="b">cri</subfield>
</datafield>
<datafield tag="061" ind1=" " ind2=" ">
<subfield code="b">n</subfield>
</datafield>
<datafield tag="062" ind1=" " ind2=" ">
<subfield code="b">nb</subfield>
</datafield>
<datafield tag="064" ind1="a" ind2=" ">
<subfield code="9">(DE-588)4611904-8</subfield>
</datafield>
<datafield tag="070" ind1=" " ind2=" ">
<subfield code="a">OAW</subfield>
</datafield>
<datafield tag="070" ind1="b" ind2=" ">
<subfield code="a">OAW</subfield>
</datafield>
<datafield tag="076" ind1="s" ind2=" ">
<subfield code="a">50</subfield>
</datafield>
<datafield tag="100" ind1=" " ind2=" ">
<subfield code="4">ctg</subfield>
<subfield code="9">(DE-588)129099090</subfield>
<subfield code="d">ca. 1790 - nach 1866</subfield>
</datafield>
<datafield tag="100" ind1="1" ind2="#">
<subfield code="a">Fried, Franz</subfield>
</datafield>
<datafield tag="245" ind1="0" ind2="0">
<subfield code="a">Karte der Œsterreichischen Monarchie und der von Österreichischen Prinzen und Prinzessinen beherrschten Italienischen Staaten als Toscana Modena Parma und Massa</subfield>
</datafield>
<datafield tag="255" ind1="#" ind2="#">
<subfield code="a">Circa 1:2 000 000</subfield>
</datafield>
<datafield tag="264" ind1="#" ind2="1">
<subfield code="a">Wien</subfield>
<subfield code="b">ARTARIA &amp; COMPAG.</subfield>
<subfield code="c">1821</subfield>
</datafield>
<datafield tag="300" ind1="#" ind2="#">
<subfield code="a">1 Karte</subfield>
</datafield>
<datafield tag="335" ind1=" " ind2=" ">
<subfield code="a">nach dem Wiener Congresse den späteren Verträgen und Gränzbestimmungen</subfield>
</datafield>
<datafield tag="341" ind1=" " ind2=" ">
<subfield code="a">Carte de la Monarchie Autrichienne et des Etats en Italie possedes par les Princes &amp; Princesses d'Autriche</subfield>
</datafield>
<datafield tag="359" ind1=" " ind2=" ">
<subfield code="a">gezeichnet von Fried</subfield>
</datafield>
<datafield tag="412" ind1=" " ind2=" ">
<subfield code="a">Artaria</subfield>
</datafield>
<datafield tag="425" ind1="a" ind2=" ">
<subfield code="a">1821</subfield>
</datafield>
<datafield tag="434" ind1=" " ind2=" ">
<subfield code="a">Kupferstich</subfield>
</datafield>
<datafield tag="435" ind1=" " ind2=" ">
<subfield code="a">56,5 x 78,5 cm</subfield>
</datafield>
<datafield tag="439" ind1=" " ind2=" ">
<subfield code="d">Kupferstich</subfield>
</datafield>
<datafield tag="501" ind1=" " ind2=" ">
<subfield code="a">Sonstige Details: Exemplar ÖAW-Sammlung Woldan grenzkoloriert</subfield>
</datafield>
<datafield tag="655" ind1="#" ind2="7">
<subfield code="a">Altkarte</subfield>
</datafield>
<datafield tag="677" ind1=" " ind2=" ">
<subfield code="9">(DE-588)2030321-X</subfield>
<subfield code="d">1771-1836</subfield>
<subfield code="h">Wien</subfield>
<subfield code="k">Artaria und Compagnie</subfield>
<subfield code="p">Reißer, Franz</subfield>
</datafield>
<datafield tag="700" ind1="1" ind2="#">
<subfield code="4">pbl</subfield>
</datafield>
</record>