
<record xmlns="http://www.loc.gov/MARC21/slim"
    xmlns:xsi="http://www.w3.org/2001/XMLSchema-instance"
    xsi:schemaLocation="http://www.loc.gov/MARC21/slim
    http://www.loc.gov/standards/marcxml/schema/MARC21slim.xsd">
<leader>     nM2.01200024      h</leader>
<controlfield tag="001">AC03869742</controlfield>
<controlfield tag="002">20031024</controlfield>
<controlfield tag="003">20161116</controlfield>
<controlfield tag="026">OBVAC03869742</controlfield>
<controlfield tag="030">a|1urr|||||27</controlfield>
<controlfield tag="050">||a|||||||a|||</controlfield>
<controlfield tag="051">m||||||</controlfield>
<controlfield tag="FMT">MH</controlfield>
<controlfield tag="LDR">     nM2.01200024      h</controlfield>
<datafield tag="034" ind1="1" ind2="#">
<subfield code="2">bound</subfield>
<subfield code="a">a</subfield>
<subfield code="b">50000</subfield>
<subfield code="d">E0125017</subfield>
<subfield code="e">E0131048</subfield>
<subfield code="f">N0470705</subfield>
<subfield code="g">N0465507</subfield>
</datafield>
<datafield tag="041" ind1="#" ind2="7">
<subfield code="a">ger</subfield>
</datafield>
<datafield tag="044" ind1="#" ind2="#">
<subfield code="c">XA-AAAT</subfield>
</datafield>
<datafield tag="060" ind1=" " ind2=" ">
<subfield code="b">cri</subfield>
</datafield>
<datafield tag="061" ind1=" " ind2=" ">
<subfield code="b">n</subfield>
</datafield>
<datafield tag="062" ind1=" " ind2=" ">
<subfield code="b">nb</subfield>
</datafield>
<datafield tag="064" ind1="a" ind2=" ">
<subfield code="9">(DE-588)4029783-4</subfield>
</datafield>
<datafield tag="070" ind1=" " ind2=" ">
<subfield code="a">ONB</subfield>
</datafield>
<datafield tag="070" ind1="b" ind2=" ">
<subfield code="a">OAW</subfield>
</datafield>
<datafield tag="076" ind1="f" ind2=" ">
<subfield code="a">Erfassung ONB-Karten</subfield>
</datafield>
<datafield tag="076" ind1="s" ind2=" ">
<subfield code="a">50</subfield>
</datafield>
<datafield tag="110" ind1="2" ind2="#">
<subfield code="0">(DE-588)1073065952</subfield>
</datafield>
<datafield tag="200" ind1=" " ind2=" ">
<subfield code="4">ctg</subfield>
<subfield code="h">Firma</subfield>
<subfield code="k">G. Freytag &amp; Berndt</subfield>
</datafield>
<datafield tag="245" ind1="0" ind2="0">
<subfield code="a">Karte des Sonnblick und Umgebung</subfield>
</datafield>
<datafield tag="255" ind1="#" ind2="#">
<subfield code="a">1:50 000</subfield>
</datafield>
<datafield tag="264" ind1="#" ind2="1">
<subfield code="a">Wien</subfield>
<subfield code="b">Kartogr. Anst. v. G. Freytag &amp; Bernd</subfield>
<subfield code="c">[1892?]</subfield>
</datafield>
<datafield tag="300" ind1="#" ind2="#">
<subfield code="a">1 Karte</subfield>
</datafield>
<datafield tag="359" ind1=" " ind2=" ">
<subfield code="a">Kartogr. Anst. v. G. Freytag &amp; Berndt</subfield>
</datafield>
<datafield tag="425" ind1="a" ind2=" ">
<subfield code="a">1892</subfield>
</datafield>
<datafield tag="435" ind1=" " ind2=" ">
<subfield code="a">45 x 52 cm</subfield>
</datafield>
<datafield tag="439" ind1=" " ind2=" ">
<subfield code="d">Chromolithographie</subfield>
</datafield>
<datafield tag="501" ind1=" " ind2=" ">
<subfield code="a">Bezugsmeridian: Ferro</subfield>
</datafield>
<datafield tag="655" ind1="#" ind2="7">
<subfield code="a">Karte</subfield>
</datafield>
<datafield tag="902" ind1=" " ind2=" ">
<subfield code="9">(DE-588)4322897-5</subfield>
<subfield code="f">Karte</subfield>
<subfield code="g">Sonnblick-Gebiet</subfield>
<subfield code="s">Topografische Karte</subfield>
</datafield>
<datafield tag="904" ind1="a" ind2=" ">
<subfield code="a">ONBKRP</subfield>
</datafield>
</record>