
<record xmlns="http://www.loc.gov/MARC21/slim"
    xmlns:xsi="http://www.w3.org/2001/XMLSchema-instance"
    xsi:schemaLocation="http://www.loc.gov/MARC21/slim
    http://www.loc.gov/standards/marcxml/schema/MARC21slim.xsd">
<leader>     nM2.01200024      h</leader>
<controlfield tag="001">AC08768726</controlfield>
<controlfield tag="002">20111004</controlfield>
<controlfield tag="003">20161116</controlfield>
<controlfield tag="026">OBVAC08768726</controlfield>
<controlfield tag="030">a|1urr|||||17</controlfield>
<controlfield tag="050">||a|||||||a|||</controlfield>
<controlfield tag="051">m||||||</controlfield>
<controlfield tag="FMT">MH</controlfield>
<controlfield tag="LDR">     nM2.01200024      h</controlfield>
<datafield tag="034" ind1="1" ind2="#">
<subfield code="2">bound</subfield>
<subfield code="a">a</subfield>
<subfield code="b">9000000</subfield>
<subfield code="d">E0311300</subfield>
<subfield code="e">E0741800</subfield>
<subfield code="f">N0344900</subfield>
<subfield code="g">N0013600</subfield>
</datafield>
<datafield tag="041" ind1="#" ind2="7">
<subfield code="a">ita</subfield>
</datafield>
<datafield tag="044" ind1="#" ind2="#">
<subfield code="c">IT</subfield>
</datafield>
<datafield tag="060" ind1=" " ind2=" ">
<subfield code="b">cri</subfield>
</datafield>
<datafield tag="061" ind1=" " ind2=" ">
<subfield code="b">n</subfield>
</datafield>
<datafield tag="062" ind1=" " ind2=" ">
<subfield code="b">nb</subfield>
</datafield>
<datafield tag="064" ind1="a" ind2=" ">
<subfield code="9">(DE-588)4611904-8</subfield>
</datafield>
<datafield tag="070" ind1=" " ind2=" ">
<subfield code="a">OAW</subfield>
</datafield>
<datafield tag="070" ind1="b" ind2=" ">
<subfield code="a">OAW</subfield>
</datafield>
<datafield tag="076" ind1="s" ind2=" ">
<subfield code="a">50</subfield>
</datafield>
<datafield tag="100" ind1=" " ind2=" ">
<subfield code="4">ctg</subfield>
<subfield code="9">(DE-588)121786129</subfield>
<subfield code="d">1500-1566</subfield>
</datafield>
<datafield tag="100" ind1="1" ind2="#">
<subfield code="a">Gastaldi, Jacopo</subfield>
</datafield>
<datafield tag="245" ind1="0" ind2="0">
<subfield code="a">&lt;&lt;Il&gt;&gt; disegno della seconda Parte dell'Asia</subfield>
</datafield>
<datafield tag="255" ind1="#" ind2="#">
<subfield code="a">Circa 1:7 500 000</subfield>
</datafield>
<datafield tag="264" ind1="#" ind2="1">
<subfield code="a">Venetia</subfield>
<subfield code="b">[kein Verlag ermittelbar]</subfield>
<subfield code="c">1561</subfield>
</datafield>
<datafield tag="300" ind1="#" ind2="#">
<subfield code="a">1 Karte auf 2 Blätter</subfield>
</datafield>
<datafield tag="359" ind1=" " ind2=" ">
<subfield code="a">Giacomo di Castaldi ; Fabio Licinio f.</subfield>
</datafield>
<datafield tag="425" ind1="a" ind2=" ">
<subfield code="a">1561</subfield>
</datafield>
<datafield tag="435" ind1=" " ind2=" ">
<subfield code="a">47 x 75 cm</subfield>
</datafield>
<datafield tag="437" ind1=" " ind2=" ">
<subfield code="a">Mit Registerblatt: I nomi antichi e moderni della seconda parte dell'Asia</subfield>
</datafield>
<datafield tag="439" ind1=" " ind2=" ">
<subfield code="d">Kupferstich</subfield>
</datafield>
<datafield tag="501" ind1=" " ind2=" ">
<subfield code="a">Sonstige Details: Exemplar ÖAW-Sammlung Woldan flächenkoloriert und Blätter zusammengeklebt</subfield>
</datafield>
<datafield tag="655" ind1="#" ind2="7">
<subfield code="a">Altkarte</subfield>
</datafield>
<datafield tag="677" ind1=" " ind2=" ">
<subfield code="9">(DE-588)1015749917</subfield>
<subfield code="d">1521-1565</subfield>
<subfield code="p">Licinio, Fabio</subfield>
</datafield>
<datafield tag="700" ind1="1" ind2="#">
<subfield code="4">egr</subfield>
</datafield>
<datafield tag="902" ind1=" " ind2=" ">
<subfield code="9">(DE-588)4003217-6</subfield>
<subfield code="f">Altkarte</subfield>
<subfield code="g">Asien</subfield>
</datafield>
<datafield tag="904" ind1="a" ind2=" ">
<subfield code="a">ONBKRP</subfield>
</datafield>
</record>