
<record xmlns="http://www.loc.gov/MARC21/slim"
    xmlns:xsi="http://www.w3.org/2001/XMLSchema-instance"
    xsi:schemaLocation="http://www.loc.gov/MARC21/slim
    http://www.loc.gov/standards/marcxml/schema/MARC21slim.xsd">
<leader>00000nM2.01200024||||||u</leader>
<controlfield tag="001">AC13303831</controlfield>
<controlfield tag="002">20160825</controlfield>
<controlfield tag="030">a|1urr|||||||</controlfield>
<controlfield tag="050">a|a|||||||||||</controlfield>
<controlfield tag="051">||||||||</controlfield>
<controlfield tag="FMT">MU</controlfield>
<controlfield tag="LDR">00000nM2.01200024||||||u</controlfield>
<datafield tag="026" ind1=" " ind2=" ">
<subfield code="a">OBVAC13303831</subfield>
</datafield>
<datafield tag="034" ind1="1" ind2="#">
<subfield code="2">bound</subfield>
<subfield code="a">a</subfield>
<subfield code="b">2400000</subfield>
<subfield code="d">W0070800</subfield>
<subfield code="e">E0122400</subfield>
<subfield code="f">N0461200</subfield>
<subfield code="g">N0292700</subfield>
</datafield>
<datafield tag="041" ind1="#" ind2="7">
<subfield code="a">fre</subfield>
</datafield>
<datafield tag="044" ind1="#" ind2="#">
<subfield code="c">FR</subfield>
</datafield>
<datafield tag="060" ind1=" " ind2=" ">
<subfield code="b">cri</subfield>
</datafield>
<datafield tag="061" ind1=" " ind2=" ">
<subfield code="b">n</subfield>
</datafield>
<datafield tag="062" ind1=" " ind2=" ">
<subfield code="b">nb</subfield>
</datafield>
<datafield tag="070" ind1=" " ind2=" ">
<subfield code="a">OAW</subfield>
</datafield>
<datafield tag="076" ind1="s" ind2=" ">
<subfield code="a">50</subfield>
</datafield>
<datafield tag="245" ind1="0" ind2="0">
<subfield code="n">[Première Feuille]</subfield>
</datafield>
<datafield tag="264" ind1="#" ind2="1">
<subfield code="a">Paris</subfield>
<subfield code="c">1745</subfield>
</datafield>
<datafield tag="300" ind1="#" ind2="#">
<subfield code="a">1 Karte</subfield>
</datafield>
<datafield tag="425" ind1="a" ind2=" ">
<subfield code="a">1745</subfield>
</datafield>
<datafield tag="434" ind1=" " ind2=" ">
<subfield code="a">schwarz-weiß</subfield>
</datafield>
<datafield tag="439" ind1=" " ind2=" ">
<subfield code="a">Kupferstich</subfield>
</datafield>
<datafield tag="773" ind1="0" ind2="#">
<subfield code="q">1</subfield>
</datafield>
<datafield tag="773" ind1="9" ind2="#">
<subfield code="w">AC04465502</subfield>
</datafield>
</record>