
<record xmlns="http://www.loc.gov/MARC21/slim"
    xmlns:xsi="http://www.w3.org/2001/XMLSchema-instance"
    xsi:schemaLocation="http://www.loc.gov/MARC21/slim
    http://www.loc.gov/standards/marcxml/schema/MARC21slim.xsd">
<leader>     nM2.01200024      h</leader>
<controlfield tag="001">AC04465502</controlfield>
<controlfield tag="002">20050407</controlfield>
<controlfield tag="003">20161116</controlfield>
<controlfield tag="026">OBVAC04465502</controlfield>
<controlfield tag="030">z|1drr|||||17</controlfield>
<controlfield tag="050">||a|||||||a|||</controlfield>
<controlfield tag="051">n|||||||</controlfield>
<controlfield tag="FMT">MH</controlfield>
<controlfield tag="LDR">     nM2.01200024      h</controlfield>
<datafield tag="034" ind1="1" ind2="#">
<subfield code="2">bound</subfield>
<subfield code="a">a</subfield>
<subfield code="b">2400000</subfield>
<subfield code="d">W0070800</subfield>
<subfield code="e">E0372600</subfield>
<subfield code="f">N0461200</subfield>
<subfield code="g">N0292700</subfield>
</datafield>
<datafield tag="041" ind1="#" ind2="7">
<subfield code="a">fre</subfield>
</datafield>
<datafield tag="044" ind1="#" ind2="#">
<subfield code="c">FR</subfield>
</datafield>
<datafield tag="060" ind1=" " ind2=" ">
<subfield code="b">cri</subfield>
</datafield>
<datafield tag="061" ind1=" " ind2=" ">
<subfield code="b">n</subfield>
</datafield>
<datafield tag="062" ind1=" " ind2=" ">
<subfield code="b">nb</subfield>
</datafield>
<datafield tag="064" ind1="a" ind2=" ">
<subfield code="9">(DE-588)4611904-8</subfield>
</datafield>
<datafield tag="070" ind1=" " ind2=" ">
<subfield code="a">ONB</subfield>
</datafield>
<datafield tag="070" ind1="b" ind2=" ">
<subfield code="a">OAW</subfield>
</datafield>
<datafield tag="076" ind1="f" ind2=" ">
<subfield code="a">Erfassung ONB-Karten</subfield>
</datafield>
<datafield tag="076" ind1="s" ind2=" ">
<subfield code="a">50</subfield>
</datafield>
<datafield tag="100" ind1=" " ind2=" ">
<subfield code="4">ctg</subfield>
<subfield code="9">(DE-588)1112294015</subfield>
<subfield code="d">1681-1751</subfield>
</datafield>
<datafield tag="100" ind1="1" ind2="#">
<subfield code="a">Groignard, Arnaud</subfield>
</datafield>
<datafield tag="104" ind1="a" ind2=" ">
<subfield code="4">ctg</subfield>
<subfield code="9">(DE-588)124127258</subfield>
<subfield code="d">1745-1785</subfield>
<subfield code="p">Bellin, Jacques Nicolas</subfield>
</datafield>
<datafield tag="108" ind1="b" ind2=" ">
<subfield code="3">AuftraggeberIn</subfield>
<subfield code="4">oth</subfield>
<subfield code="9">(DE-588)119097060</subfield>
<subfield code="d">1701-1781</subfield>
<subfield code="p">Maurepas, Jean-Frédéric Phélypeaux &lt;&lt;de&gt;&gt;</subfield>
</datafield>
<datafield tag="110" ind1="2" ind2="#">
<subfield code="0">(DE-588)5561514-4</subfield>
</datafield>
<datafield tag="200" ind1=" " ind2=" ">
<subfield code="h">Paris</subfield>
<subfield code="k">Dépôt des Cartes et Plans de la Marine</subfield>
</datafield>
<datafield tag="245" ind1="0" ind2="0">
<subfield code="a">Carte de la Mer Mediterranée</subfield>
</datafield>
<datafield tag="255" ind1="#" ind2="#">
<subfield code="a">Circa 1:2 400 000</subfield>
</datafield>
<datafield tag="264" ind1="#" ind2="1">
<subfield code="a">Paris</subfield>
<subfield code="b">[kein Verlag ermittelbar]</subfield>
<subfield code="c">Ir. Mars 1745</subfield>
</datafield>
<datafield tag="300" ind1="#" ind2="#">
<subfield code="a">1 Karte auf 3 Blättern</subfield>
</datafield>
<datafield tag="335" ind1=" " ind2=" ">
<subfield code="a">en Trois Feuilles</subfield>
</datafield>
<datafield tag="359" ind1=" " ind2=" ">
<subfield code="a">Présentée à Mgr. le Comte de Maurepas ; Par le Sr. Grognard, Pilote entretenu au Département de Toulon ; Dheulland sculpsit ; Bourgoins le Jeune scripsit</subfield>
</datafield>
<datafield tag="425" ind1="a" ind2=" ">
<subfield code="a">1745</subfield>
</datafield>
<datafield tag="434" ind1=" " ind2=" ">
<subfield code="a">schwarz-weiß</subfield>
</datafield>
<datafield tag="439" ind1=" " ind2=" ">
<subfield code="d">Kupferstich</subfield>
</datafield>
<datafield tag="501" ind1=" " ind2=" ">
<subfield code="a">Details zu Maßstabsangaben: Maßstab in graph. Form (Lieues Communes de France, Lieues Marines de France et d'Angleterre)</subfield>
</datafield>
<datafield tag="655" ind1="#" ind2="7">
<subfield code="a">Altkarte</subfield>
</datafield>
<datafield tag="677" ind1=" " ind2=" ">
<subfield code="9">(DE-588)132854228</subfield>
<subfield code="d">1700-1770</subfield>
<subfield code="p">Bourgoin, Pierre</subfield>
</datafield>
<datafield tag="700" ind1="1" ind2="#">
<subfield code="4">egr</subfield>
</datafield>
<datafield tag="902" ind1=" " ind2=" ">
<subfield code="9">(DE-588)4180642-6</subfield>
<subfield code="f">Altkarte</subfield>
<subfield code="g">Mittelmeer</subfield>
<subfield code="s">Seekarte</subfield>
</datafield>
<datafield tag="904" ind1="a" ind2=" ">
<subfield code="a">ONBKRP</subfield>
</datafield>
</record>