
<record xmlns="http://www.loc.gov/MARC21/slim"
    xmlns:xsi="http://www.w3.org/2001/XMLSchema-instance"
    xsi:schemaLocation="http://www.loc.gov/MARC21/slim
    http://www.loc.gov/standards/marcxml/schema/MARC21slim.xsd">
<leader>     nM2.01200024      h</leader>
<controlfield tag="001">AC04480096</controlfield>
<controlfield tag="002">20050419</controlfield>
<controlfield tag="003">20161116</controlfield>
<controlfield tag="026">OBVAC04480096</controlfield>
<controlfield tag="030">a|1urr|||||17</controlfield>
<controlfield tag="050">||a|||||||a|||</controlfield>
<controlfield tag="051">m||||||</controlfield>
<controlfield tag="FMT">MH</controlfield>
<controlfield tag="LDR">     nM2.01200024      h</controlfield>
<datafield tag="034" ind1="1" ind2="#">
<subfield code="2">bound</subfield>
<subfield code="a">a</subfield>
<subfield code="b">1000000</subfield>
<subfield code="d">E0100500</subfield>
<subfield code="e">E0172600</subfield>
<subfield code="f">N0490100</subfield>
<subfield code="g">N0450100</subfield>
</datafield>
<datafield tag="041" ind1="#" ind2="7">
<subfield code="a">ger</subfield>
</datafield>
<datafield tag="044" ind1="#" ind2="#">
<subfield code="c">XA-AAAT</subfield>
</datafield>
<datafield tag="060" ind1=" " ind2=" ">
<subfield code="b">cri</subfield>
</datafield>
<datafield tag="061" ind1=" " ind2=" ">
<subfield code="b">n</subfield>
</datafield>
<datafield tag="062" ind1=" " ind2=" ">
<subfield code="b">nb</subfield>
</datafield>
<datafield tag="064" ind1="a" ind2=" ">
<subfield code="9">(DE-588)4611904-8</subfield>
</datafield>
<datafield tag="070" ind1=" " ind2=" ">
<subfield code="a">ONB</subfield>
</datafield>
<datafield tag="070" ind1="b" ind2=" ">
<subfield code="a">OAW</subfield>
</datafield>
<datafield tag="076" ind1="f" ind2=" ">
<subfield code="a">Erfassung ONB-Karten</subfield>
</datafield>
<datafield tag="076" ind1="s" ind2=" ">
<subfield code="a">50</subfield>
</datafield>
<datafield tag="100" ind1=" " ind2=" ">
<subfield code="4">ctg</subfield>
<subfield code="9">(DE-588)12196695X</subfield>
<subfield code="d">1744-1808</subfield>
</datafield>
<datafield tag="100" ind1="1" ind2="#">
<subfield code="a">Güssefeld, Franz L.</subfield>
</datafield>
<datafield tag="245" ind1="0" ind2="0">
<subfield code="a">Charte den Oesterreichischen Kreis nach seinen Haupt- und Unter-Abtheilungen vorstellend</subfield>
</datafield>
<datafield tag="255" ind1="#" ind2="#">
<subfield code="a">Circa 1:1 000 000</subfield>
</datafield>
<datafield tag="264" ind1="#" ind2="1">
<subfield code="a">Weimar</subfield>
<subfield code="b">im Verlage des Industrie-Comtoirs</subfield>
<subfield code="c">1796</subfield>
</datafield>
<datafield tag="300" ind1="#" ind2="#">
<subfield code="a">1 Karte</subfield>
</datafield>
<datafield tag="359" ind1=" " ind2=" ">
<subfield code="a">Nach astronomischen Beobachtungen und den bewährtesten Specialcharten neu entworfen von F. L. Güssefeld ; C. Susemihl sc.</subfield>
</datafield>
<datafield tag="425" ind1="a" ind2=" ">
<subfield code="a">1796</subfield>
</datafield>
<datafield tag="435" ind1=" " ind2=" ">
<subfield code="a">43 x 53,5 cm</subfield>
</datafield>
<datafield tag="439" ind1=" " ind2=" ">
<subfield code="d">Kupferstich</subfield>
</datafield>
<datafield tag="501" ind1=" " ind2=" ">
<subfield code="a">Sonstige Details: Exemplar ÖAW-Sammlung Woldan flächen- und grenzkoloriert</subfield>
</datafield>
<datafield tag="655" ind1="#" ind2="7">
<subfield code="a">Altkarte</subfield>
</datafield>
<datafield tag="902" ind1=" " ind2=" ">
<subfield code="9">(DE-588)4746744-7</subfield>
<subfield code="f">Altkarte</subfield>
<subfield code="g">Österreichischer Reichskreis</subfield>
</datafield>
<datafield tag="904" ind1="a" ind2=" ">
<subfield code="a">ONBKRP</subfield>
</datafield>
</record>