
<record xmlns="http://www.loc.gov/MARC21/slim"
    xmlns:xsi="http://www.w3.org/2001/XMLSchema-instance"
    xsi:schemaLocation="http://www.loc.gov/MARC21/slim
    http://www.loc.gov/standards/marcxml/schema/MARC21slim.xsd">
<leader>00000nM2.01200024      h</leader>
<controlfield tag="001">AC13372150</controlfield>
<controlfield tag="002">20161111</controlfield>
<controlfield tag="003">20161116</controlfield>
<controlfield tag="026">OBVAC13372150</controlfield>
<controlfield tag="030">a|1urr|||||17</controlfield>
<controlfield tag="050">||a|||||||a|||</controlfield>
<controlfield tag="051">m|||||||</controlfield>
<controlfield tag="FMT">MH</controlfield>
<controlfield tag="LDR">00000nM2.01200024      h</controlfield>
<datafield tag="034" ind1="1" ind2="#">
<subfield code="2">bound</subfield>
<subfield code="a">a</subfield>
<subfield code="b">1300000</subfield>
<subfield code="d">E0072000</subfield>
<subfield code="e">E0175800</subfield>
<subfield code="f">N0495800</subfield>
<subfield code="g">N0444400</subfield>
</datafield>
<datafield tag="041" ind1="#" ind2="7">
<subfield code="a">fre</subfield>
</datafield>
<datafield tag="044" ind1="#" ind2="#">
<subfield code="c">XA-DXDE</subfield>
</datafield>
<datafield tag="060" ind1=" " ind2=" ">
<subfield code="b">cri</subfield>
</datafield>
<datafield tag="061" ind1=" " ind2=" ">
<subfield code="b">n</subfield>
</datafield>
<datafield tag="062" ind1=" " ind2=" ">
<subfield code="b">nb</subfield>
</datafield>
<datafield tag="064" ind1="a" ind2=" ">
<subfield code="9">(DE-588)4611904-8</subfield>
</datafield>
<datafield tag="070" ind1=" " ind2=" ">
<subfield code="a">OAW</subfield>
</datafield>
<datafield tag="070" ind1="b" ind2=" ">
<subfield code="a">OAW</subfield>
</datafield>
<datafield tag="076" ind1="s" ind2=" ">
<subfield code="a">54</subfield>
</datafield>
<datafield tag="100" ind1=" " ind2=" ">
<subfield code="4">ctg</subfield>
<subfield code="9">(DE-588)12196695X</subfield>
<subfield code="d">1744-1808</subfield>
</datafield>
<datafield tag="100" ind1="1" ind2="#">
<subfield code="a">Güssefeld, Franz L.</subfield>
</datafield>
<datafield tag="245" ind1="0" ind2="0">
<subfield code="a">Der Oesterreichische Kreis</subfield>
</datafield>
<datafield tag="255" ind1="#" ind2="#">
<subfield code="a">Circa 1:1 300 000</subfield>
</datafield>
<datafield tag="264" ind1="#" ind2="1">
<subfield code="a">Nürnberg</subfield>
<subfield code="b">bey den Homannischen Erben</subfield>
<subfield code="c">1788</subfield>
</datafield>
<datafield tag="300" ind1="#" ind2="#">
<subfield code="a">1 Karte</subfield>
</datafield>
<datafield tag="335" ind1=" " ind2=" ">
<subfield code="a">nach den Messungen des Hr. P. Liesganig und anderen anderen astronomischen Beobachtungen</subfield>
</datafield>
<datafield tag="341" ind1=" " ind2=" ">
<subfield code="a">Carte geographique representant le Cercle d' Autriche</subfield>
</datafield>
<datafield tag="359" ind1=" " ind2=" ">
<subfield code="a">entworfen durch F. L. Güssefeld</subfield>
</datafield>
<datafield tag="425" ind1="a" ind2=" ">
<subfield code="a">1788</subfield>
</datafield>
<datafield tag="435" ind1=" " ind2=" ">
<subfield code="a">43,5 x 57 cm</subfield>
</datafield>
<datafield tag="439" ind1=" " ind2=" ">
<subfield code="d">Kupferstich</subfield>
</datafield>
<datafield tag="501" ind1=" " ind2=" ">
<subfield code="a">Sonstige Details: Exemplar ÖAW-Sammlung Woldan flächen- und grenzkoloriert</subfield>
</datafield>
<datafield tag="655" ind1="#" ind2="7">
<subfield code="a">Altkarte</subfield>
</datafield>
</record>