
<record xmlns="http://www.loc.gov/MARC21/slim"
    xmlns:xsi="http://www.w3.org/2001/XMLSchema-instance"
    xsi:schemaLocation="http://www.loc.gov/MARC21/slim
    http://www.loc.gov/standards/marcxml/schema/MARC21slim.xsd">
<leader>     nM2.01200024      h</leader>
<controlfield tag="001">AC04024936</controlfield>
<controlfield tag="002">20040304</controlfield>
<controlfield tag="003">20161121</controlfield>
<controlfield tag="026">OBVAC04024936</controlfield>
<controlfield tag="030">a|1urr|||||17</controlfield>
<controlfield tag="050">||a|||||||a|||</controlfield>
<controlfield tag="051">m||||||</controlfield>
<controlfield tag="FMT">MH</controlfield>
<controlfield tag="LDR">     nM2.01200024      h</controlfield>
<datafield tag="034" ind1="1" ind2="#">
<subfield code="2">bound</subfield>
<subfield code="a">a</subfield>
<subfield code="b">4600000</subfield>
<subfield code="d">W0015700</subfield>
<subfield code="e">E0271400</subfield>
<subfield code="f">N0534500</subfield>
<subfield code="g">N0364700</subfield>
</datafield>
<datafield tag="041" ind1="#" ind2="7">
<subfield code="a">ger</subfield>
</datafield>
<datafield tag="044" ind1="#" ind2="#">
<subfield code="c">XA-DXDE</subfield>
</datafield>
<datafield tag="060" ind1=" " ind2=" ">
<subfield code="b">cri</subfield>
</datafield>
<datafield tag="061" ind1=" " ind2=" ">
<subfield code="b">n</subfield>
</datafield>
<datafield tag="062" ind1=" " ind2=" ">
<subfield code="b">nb</subfield>
</datafield>
<datafield tag="064" ind1="a" ind2=" ">
<subfield code="9">(DE-588)4611904-8</subfield>
</datafield>
<datafield tag="070" ind1=" " ind2=" ">
<subfield code="a">ONB</subfield>
</datafield>
<datafield tag="070" ind1="b" ind2=" ">
<subfield code="a">OAW</subfield>
</datafield>
<datafield tag="076" ind1="f" ind2=" ">
<subfield code="a">Erfassung ONB-Karten</subfield>
</datafield>
<datafield tag="076" ind1="s" ind2=" ">
<subfield code="a">50</subfield>
</datafield>
<datafield tag="100" ind1=" " ind2=" ">
<subfield code="4">ctg</subfield>
<subfield code="9">(DE-588)12304071X</subfield>
<subfield code="d">1703-1730</subfield>
</datafield>
<datafield tag="100" ind1="1" ind2="#">
<subfield code="a">Homann, Johann Christoph</subfield>
</datafield>
<datafield tag="245" ind1="0" ind2="0">
<subfield code="a">Tabula Geographica Europae Austriacae Generalis sive Regionum Terrarumque Omnium ac Singularum Augustissimae Domui Austriacae Hereditariarum</subfield>
</datafield>
<datafield tag="255" ind1="#" ind2="#">
<subfield code="a">Circa 1:4 600 000</subfield>
</datafield>
<datafield tag="264" ind1="#" ind2="1">
<subfield code="a">Noribergae</subfield>
<subfield code="b">[Homannsche Erben]</subfield>
<subfield code="c">[zwischen 1725 und1730]</subfield>
</datafield>
<datafield tag="300" ind1="#" ind2="#">
<subfield code="a">1 Karte</subfield>
</datafield>
<datafield tag="359" ind1=" " ind2=" ">
<subfield code="a">exacta Delineatio designata et edita â Ioh. Christophoro Homanno M. D.</subfield>
</datafield>
<datafield tag="425" ind1="a" ind2=" ">
<subfield code="a">1725</subfield>
</datafield>
<datafield tag="435" ind1=" " ind2=" ">
<subfield code="a">47 x 55 cm</subfield>
</datafield>
<datafield tag="439" ind1=" " ind2=" ">
<subfield code="d">Kupferstich</subfield>
</datafield>
<datafield tag="501" ind1=" " ind2=" ">
<subfield code="a">Anmerkungen zur Entstehungsangabe: In Verantwortlichkeitsangabe findet sich der Hinweis auf den 1725 erlangten Doktortitel (M.D.) von J. Chr, Homann</subfield>
</datafield>
<datafield tag="655" ind1="#" ind2="7">
<subfield code="a">Altkarte</subfield>
</datafield>
<datafield tag="677" ind1=" " ind2=" ">
<subfield code="9">(DE-588)5293676-4</subfield>
<subfield code="h">Nürnberg</subfield>
<subfield code="k">Homannsche Erben</subfield>
</datafield>
<datafield tag="700" ind1="1" ind2="#">
<subfield code="4">pbl</subfield>
</datafield>
<datafield tag="902" ind1=" " ind2=" ">
<subfield code="9">(DE-588)4043271-3</subfield>
<subfield code="f">Altkarte</subfield>
<subfield code="g">Österreich</subfield>
</datafield>
<datafield tag="904" ind1="a" ind2=" ">
<subfield code="a">ONBKRP</subfield>
</datafield>
<datafield tag="907" ind1=" " ind2=" ">
<subfield code="9">(DE-588)4282117-4</subfield>
<subfield code="f">Altkarte</subfield>
<subfield code="g">Mitteleuropa</subfield>
<subfield code="z">Süd</subfield>
</datafield>
<datafield tag="909" ind1="a" ind2=" ">
<subfield code="a">ONBKRP</subfield>
</datafield>
</record>