
<record xmlns="http://www.loc.gov/MARC21/slim"
    xmlns:xsi="http://www.w3.org/2001/XMLSchema-instance"
    xsi:schemaLocation="http://www.loc.gov/MARC21/slim
    http://www.loc.gov/standards/marcxml/schema/MARC21slim.xsd">
<leader>00000nM2.01200024      h</leader>
<controlfield tag="001">AC12307523</controlfield>
<controlfield tag="002">20150618</controlfield>
<controlfield tag="003">20161121</controlfield>
<controlfield tag="026">OBVAC12307523</controlfield>
<controlfield tag="030">a|1urr|||||17</controlfield>
<controlfield tag="050">||a|||||||a|||</controlfield>
<controlfield tag="051">m|||||||</controlfield>
<controlfield tag="FMT">MH</controlfield>
<controlfield tag="LDR">00000nM2.01200024      h</controlfield>
<datafield tag="034" ind1="1" ind2="#">
<subfield code="a">a</subfield>
<subfield code="b">85000000</subfield>
<subfield code="d">W1800000</subfield>
<subfield code="e">E1800000</subfield>
<subfield code="f">N0800000</subfield>
<subfield code="g">S0800000</subfield>
</datafield>
<datafield tag="041" ind1="#" ind2="7">
<subfield code="a">lat</subfield>
</datafield>
<datafield tag="044" ind1="#" ind2="#">
<subfield code="c">XA-NL</subfield>
</datafield>
<datafield tag="060" ind1=" " ind2=" ">
<subfield code="b">cri</subfield>
</datafield>
<datafield tag="061" ind1=" " ind2=" ">
<subfield code="b">n</subfield>
</datafield>
<datafield tag="062" ind1=" " ind2=" ">
<subfield code="b">nb</subfield>
</datafield>
<datafield tag="064" ind1="a" ind2=" ">
<subfield code="9">(DE-588)4065368-7</subfield>
</datafield>
<datafield tag="070" ind1=" " ind2=" ">
<subfield code="a">OAW</subfield>
</datafield>
<datafield tag="070" ind1="b" ind2=" ">
<subfield code="a">OAW</subfield>
</datafield>
<datafield tag="076" ind1="s" ind2=" ">
<subfield code="a">54</subfield>
</datafield>
<datafield tag="100" ind1=" " ind2=" ">
<subfield code="4">edt</subfield>
<subfield code="9">(DE-588)119072149</subfield>
<subfield code="d">1563-1612</subfield>
</datafield>
<datafield tag="100" ind1="1" ind2="#">
<subfield code="a">Hondius, Jodocus</subfield>
</datafield>
<datafield tag="104" ind1="b" ind2=" ">
<subfield code="4">dte</subfield>
<subfield code="9">(DE-588)11866008X</subfield>
<subfield code="d">1561-1630</subfield>
<subfield code="p">Briggs, Henry</subfield>
</datafield>
<datafield tag="108" ind1="b" ind2=" ">
<subfield code="4">dte</subfield>
<subfield code="9">(DE-588)108978788X</subfield>
<subfield code="d">1558-1615</subfield>
<subfield code="p">Wright, Edward</subfield>
</datafield>
<datafield tag="112" ind1="b" ind2=" ">
<subfield code="a">Brewer, Robert</subfield>
</datafield>
<datafield tag="245" ind1="0" ind2="0">
<subfield code="a">Typus Totius Orbis Terrarum,</subfield>
</datafield>
<datafield tag="255" ind1="#" ind2="#">
<subfield code="a">Circa 1:85 000 000 am Äquator</subfield>
</datafield>
<datafield tag="264" ind1="#" ind2="1">
<subfield code="a">[Amsterdam]</subfield>
<subfield code="b">à Iud. Hondio cælatore</subfield>
<subfield code="c">[1597?]</subfield>
</datafield>
<datafield tag="300" ind1="#" ind2="#">
<subfield code="a">1 Karte</subfield>
</datafield>
<datafield tag="335" ind1=" " ind2=" ">
<subfield code="a">In Quo &amp; Christiani militis certamen super terram (in pietatis studiosi gratiam) graphicè designatur</subfield>
</datafield>
<datafield tag="359" ind1=" " ind2=" ">
<subfield code="a">I. Hondius excudit</subfield>
</datafield>
<datafield tag="425" ind1="a" ind2=" ">
<subfield code="a">1597</subfield>
</datafield>
<datafield tag="434" ind1=" " ind2=" ">
<subfield code="a">schwarz-weiß</subfield>
</datafield>
<datafield tag="435" ind1=" " ind2=" ">
<subfield code="a">35 x 46 cm</subfield>
</datafield>
<datafield tag="439" ind1=" " ind2=" ">
<subfield code="d">Kupferstich</subfield>
</datafield>
<datafield tag="501" ind1=" " ind2=" ">
<subfield code="a">Sonstige Details: Exemplar ÖAW-Sammlung Woldan koloriert</subfield>
</datafield>
<datafield tag="655" ind1="#" ind2="7">
<subfield code="a">Weltkarte</subfield>
</datafield>
</record>