
<record xmlns="http://www.loc.gov/MARC21/slim"
    xmlns:xsi="http://www.w3.org/2001/XMLSchema-instance"
    xsi:schemaLocation="http://www.loc.gov/MARC21/slim
    http://www.loc.gov/standards/marcxml/schema/MARC21slim.xsd">
<leader>     nM2.01200024      h</leader>
<controlfield tag="001">AC03761386</controlfield>
<controlfield tag="002">20030703</controlfield>
<controlfield tag="003">20161118</controlfield>
<controlfield tag="026">OBVAC03761386</controlfield>
<controlfield tag="030">a|1urr|||||17</controlfield>
<controlfield tag="050">||a|||||||a|||</controlfield>
<controlfield tag="051">s|||||||</controlfield>
<controlfield tag="FMT">MH</controlfield>
<controlfield tag="LDR">     nM2.01200024      h</controlfield>
<datafield tag="034" ind1="1" ind2="#">
<subfield code="2">bound</subfield>
<subfield code="a">a</subfield>
<subfield code="b">255000</subfield>
<subfield code="d">E0132100</subfield>
<subfield code="e">E0140600</subfield>
<subfield code="f">N0463000</subfield>
<subfield code="g">N0453900</subfield>
</datafield>
<datafield tag="041" ind1="#" ind2="7">
<subfield code="a">ger</subfield>
</datafield>
<datafield tag="044" ind1="#" ind2="#">
<subfield code="c">XA-AAAT</subfield>
</datafield>
<datafield tag="060" ind1=" " ind2=" ">
<subfield code="b">cri</subfield>
</datafield>
<datafield tag="061" ind1=" " ind2=" ">
<subfield code="b">n</subfield>
</datafield>
<datafield tag="062" ind1=" " ind2=" ">
<subfield code="b">nb</subfield>
</datafield>
<datafield tag="064" ind1="a" ind2=" ">
<subfield code="9">(DE-588)4611904-8</subfield>
</datafield>
<datafield tag="070" ind1=" " ind2=" ">
<subfield code="a">ONB</subfield>
</datafield>
<datafield tag="070" ind1="b" ind2=" ">
<subfield code="a">OAW</subfield>
</datafield>
<datafield tag="076" ind1="f" ind2=" ">
<subfield code="a">Erfassung ONB-Karten</subfield>
</datafield>
<datafield tag="076" ind1="s" ind2=" ">
<subfield code="a">50</subfield>
</datafield>
<datafield tag="100" ind1=" " ind2=" ">
<subfield code="4">ctg</subfield>
<subfield code="9">(DE-588)115368310</subfield>
<subfield code="d">1744-1801</subfield>
</datafield>
<datafield tag="100" ind1="1" ind2="#">
<subfield code="a">Kindermann, Joseph Karl</subfield>
</datafield>
<datafield tag="245" ind1="0" ind2="0">
<subfield code="a">&lt;&lt;Der&gt;&gt; Gœrzer Kreis Und Der Triester Kreis</subfield>
</datafield>
<datafield tag="255" ind1="#" ind2="#">
<subfield code="a">Circa 1:255 000</subfield>
</datafield>
<datafield tag="264" ind1="#" ind2="1">
<subfield code="a">Graetz</subfield>
<subfield code="b">Verlegt bey Franz Xaver Miller</subfield>
<subfield code="c">1797</subfield>
</datafield>
<datafield tag="300" ind1="#" ind2="#">
<subfield code="a">1 Karte</subfield>
</datafield>
<datafield tag="359" ind1=" " ind2=" ">
<subfield code="a">Entworfen Und Gezeichnet Von J. K. Kindermann, Gestochen Zu Wien Von Ch. Junker</subfield>
</datafield>
<datafield tag="425" ind1="a" ind2=" ">
<subfield code="a">1797</subfield>
</datafield>
<datafield tag="434" ind1=" " ind2=" ">
<subfield code="a">schwarz-weiß</subfield>
</datafield>
<datafield tag="435" ind1=" " ind2=" ">
<subfield code="a">45 x 55 cm</subfield>
</datafield>
<datafield tag="439" ind1=" " ind2=" ">
<subfield code="d">Kupferstich</subfield>
</datafield>
<datafield tag="451" ind1=" " ind2=" ">
<subfield code="a">[Atlas von Innerösterreich]</subfield>
<subfield code="v">12</subfield>
</datafield>
<datafield tag="453" ind1="m" ind2=" ">
<subfield code="a">AC03758239</subfield>
</datafield>
<datafield tag="455" ind1=" " ind2=" ">
<subfield code="a">12</subfield>
</datafield>
<datafield tag="456" ind1=" " ind2=" ">
<subfield code="a">12</subfield>
</datafield>
<datafield tag="501" ind1=" " ind2=" ">
<subfield code="a">Sonstige Details: Platte 53 x 61 cm</subfield>
</datafield>
<datafield tag="655" ind1="#" ind2="7">
<subfield code="a">Altkarte</subfield>
</datafield>
<datafield tag="676" ind1=" " ind2=" ">
<subfield code="9">(DE-588)4021912-4</subfield>
<subfield code="g">Graz</subfield>
</datafield>
<datafield tag="677" ind1=" " ind2=" ">
<subfield code="9">(DE-588)12892781X</subfield>
<subfield code="d">1757-1841</subfield>
<subfield code="p">Junker, Keresztély</subfield>
</datafield>
<datafield tag="700" ind1="1" ind2="#">
<subfield code="4">egr</subfield>
</datafield>
<datafield tag="902" ind1=" " ind2=" ">
<subfield code="9">(DE-588)4188127-8</subfield>
<subfield code="f">Altkarte</subfield>
<subfield code="g">Görz</subfield>
<subfield code="s">Verwaltungsgrenze</subfield>
</datafield>
<datafield tag="904" ind1="a" ind2=" ">
<subfield code="a">ONBKRP</subfield>
</datafield>
<datafield tag="907" ind1=" " ind2=" ">
<subfield code="9">(DE-588)4188127-8</subfield>
<subfield code="f">Altkarte</subfield>
<subfield code="g">Triest</subfield>
<subfield code="s">Verwaltungsgrenze</subfield>
</datafield>
<datafield tag="909" ind1="a" ind2=" ">
<subfield code="a">ONBKRP</subfield>
</datafield>
</record>