
<record xmlns="http://www.loc.gov/MARC21/slim"
    xmlns:xsi="http://www.w3.org/2001/XMLSchema-instance"
    xsi:schemaLocation="http://www.loc.gov/MARC21/slim
    http://www.loc.gov/standards/marcxml/schema/MARC21slim.xsd">
<leader>00000nM2.01200024      h</leader>
<controlfield tag="001">AC13365544</controlfield>
<controlfield tag="002">20161104</controlfield>
<controlfield tag="003">20161116</controlfield>
<controlfield tag="026">OBVAC13365544</controlfield>
<controlfield tag="030">a|1urr|||||17</controlfield>
<controlfield tag="050">||a|||||||a|||</controlfield>
<controlfield tag="051">m|||||||</controlfield>
<controlfield tag="FMT">MH</controlfield>
<controlfield tag="LDR">00000nM2.01200024      h</controlfield>
<datafield tag="034" ind1="1" ind2="#">
<subfield code="2">bound</subfield>
<subfield code="a">a</subfield>
<subfield code="b">2500000</subfield>
<subfield code="d">E0313800</subfield>
<subfield code="e">E0493200</subfield>
<subfield code="f">N0690300</subfield>
<subfield code="g">N0455800</subfield>
</datafield>
<datafield tag="041" ind1="#" ind2="7">
<subfield code="a">fre</subfield>
</datafield>
<datafield tag="044" ind1="#" ind2="#">
<subfield code="c">XA-FR</subfield>
</datafield>
<datafield tag="060" ind1=" " ind2=" ">
<subfield code="b">cri</subfield>
</datafield>
<datafield tag="061" ind1=" " ind2=" ">
<subfield code="b">n</subfield>
</datafield>
<datafield tag="062" ind1=" " ind2=" ">
<subfield code="b">nb</subfield>
</datafield>
<datafield tag="064" ind1="a" ind2=" ">
<subfield code="9">(DE-588)4611904-8</subfield>
</datafield>
<datafield tag="070" ind1=" " ind2=" ">
<subfield code="a">OAW</subfield>
</datafield>
<datafield tag="070" ind1="b" ind2=" ">
<subfield code="a">OAW</subfield>
</datafield>
<datafield tag="076" ind1="s" ind2=" ">
<subfield code="a">54</subfield>
</datafield>
<datafield tag="100" ind1=" " ind2=" ">
<subfield code="4">ctg</subfield>
<subfield code="9">(DE-588)122714024</subfield>
<subfield code="d">1675-1726</subfield>
</datafield>
<datafield tag="100" ind1="1" ind2="#">
<subfield code="a">L'Isle, Guillaume &lt;&lt;de&gt;&gt;</subfield>
</datafield>
<datafield tag="245" ind1="0" ind2="0">
<subfield code="a">Carte De Moscovie</subfield>
</datafield>
<datafield tag="255" ind1="#" ind2="#">
<subfield code="a">Circa 1:2 500 000</subfield>
</datafield>
<datafield tag="264" ind1="#" ind2="1">
<subfield code="a">Paris</subfield>
<subfield code="b">chez l'Autheur</subfield>
<subfield code="c">1706</subfield>
</datafield>
<datafield tag="300" ind1="#" ind2="#">
<subfield code="a">1 Karte auf 2 Blätter</subfield>
</datafield>
<datafield tag="359" ind1=" " ind2=" ">
<subfield code="a">Dressée par Guillaume De-l'Isle Premier Geographe du Roy; Gravé par Liebaux le fils</subfield>
</datafield>
<datafield tag="425" ind1="a" ind2=" ">
<subfield code="a">1706</subfield>
</datafield>
<datafield tag="435" ind1=" " ind2=" ">
<subfield code="a">96 x 63 cm, Blätter 53 x 75,5 cm</subfield>
</datafield>
<datafield tag="439" ind1=" " ind2=" ">
<subfield code="d">Kupferstich</subfield>
</datafield>
<datafield tag="501" ind1=" " ind2=" ">
<subfield code="a">Sonstige Details: Exemplar ÖAW-Sammlung Woldan grenzkoloriert</subfield>
</datafield>
<datafield tag="655" ind1="#" ind2="7">
<subfield code="a">Altkarte</subfield>
</datafield>
<datafield tag="677" ind1=" " ind2=" ">
<subfield code="9">(DE-588)129591432</subfield>
<subfield code="d">-1752</subfield>
<subfield code="p">Liebaux, Henri</subfield>
</datafield>
<datafield tag="700" ind1="1" ind2="#">
<subfield code="4">egr</subfield>
</datafield>
</record>