
<record xmlns="http://www.loc.gov/MARC21/slim"
    xmlns:xsi="http://www.w3.org/2001/XMLSchema-instance"
    xsi:schemaLocation="http://www.loc.gov/MARC21/slim
    http://www.loc.gov/standards/marcxml/schema/MARC21slim.xsd">
<leader>00000nM2.01200024      h</leader>
<controlfield tag="001">AC12218831</controlfield>
<controlfield tag="002">20150318</controlfield>
<controlfield tag="003">20161116</controlfield>
<controlfield tag="026">OBVAC12218831</controlfield>
<controlfield tag="030">a|1urr|||||17</controlfield>
<controlfield tag="050">||a|||||||a|||</controlfield>
<controlfield tag="051">m|||||||</controlfield>
<controlfield tag="FMT">MH</controlfield>
<controlfield tag="LDR">00000nM2.01200024      h</controlfield>
<datafield tag="034" ind1="1" ind2="#">
<subfield code="2">bound</subfield>
<subfield code="a">a</subfield>
<subfield code="b">20000</subfield>
<subfield code="d">E0021826</subfield>
<subfield code="e">E0022358</subfield>
<subfield code="f">N0485243</subfield>
<subfield code="g">N0484953</subfield>
</datafield>
<datafield tag="041" ind1="#" ind2="7">
<subfield code="a">fre</subfield>
</datafield>
<datafield tag="044" ind1="#" ind2="#">
<subfield code="c">FR</subfield>
</datafield>
<datafield tag="060" ind1=" " ind2=" ">
<subfield code="b">cri</subfield>
</datafield>
<datafield tag="061" ind1=" " ind2=" ">
<subfield code="b">n</subfield>
</datafield>
<datafield tag="062" ind1=" " ind2=" ">
<subfield code="b">nb</subfield>
</datafield>
<datafield tag="064" ind1="a" ind2=" ">
<subfield code="9">(DE-588)4611904-8</subfield>
</datafield>
<datafield tag="070" ind1=" " ind2=" ">
<subfield code="a">OAW</subfield>
</datafield>
<datafield tag="070" ind1="b" ind2=" ">
<subfield code="a">OAW</subfield>
</datafield>
<datafield tag="076" ind1="s" ind2=" ">
<subfield code="a">54</subfield>
</datafield>
<datafield tag="100" ind1=" " ind2=" ">
<subfield code="4">ctg</subfield>
<subfield code="9">(DE-588)11757371X</subfield>
<subfield code="d">1687-1757</subfield>
</datafield>
<datafield tag="100" ind1="1" ind2="#">
<subfield code="a">La Grive, Jean &lt;&lt;de&gt;&gt;</subfield>
</datafield>
<datafield tag="245" ind1="0" ind2="0">
<subfield code="a">Nouveau Plan de Paris et de ses Faubourgs</subfield>
</datafield>
<datafield tag="255" ind1="#" ind2="#">
<subfield code="a">Circa 1:20 000</subfield>
</datafield>
<datafield tag="264" ind1="#" ind2="1">
<subfield code="a">[Paris]</subfield>
<subfield code="b">[Verlag nicht ermittelbar]</subfield>
<subfield code="c">1740</subfield>
</datafield>
<datafield tag="300" ind1="#" ind2="#">
<subfield code="a">1 Karte</subfield>
</datafield>
<datafield tag="335" ind1=" " ind2=" ">
<subfield code="a">ou sont marqués tous les quartiers toutes les rües et cul-de-sacs, toutes les églises et communautés de cette ville</subfield>
</datafield>
<datafield tag="359" ind1=" " ind2=" ">
<subfield code="a">Par M. De La Grive</subfield>
</datafield>
<datafield tag="425" ind1="a" ind2=" ">
<subfield code="a">1740</subfield>
</datafield>
<datafield tag="435" ind1=" " ind2=" ">
<subfield code="a">30,5 x 38 cm</subfield>
</datafield>
<datafield tag="439" ind1=" " ind2=" ">
<subfield code="d">Kupferstich</subfield>
</datafield>
<datafield tag="501" ind1=" " ind2=" ">
<subfield code="a">Druckprivileg: "avec privilége du Roi"</subfield>
</datafield>
<datafield tag="655" ind1="#" ind2="7">
<subfield code="a">Altkarte</subfield>
</datafield>
<datafield tag="902" ind1=" " ind2=" ">
<subfield code="9">(DE-588)4044660-8</subfield>
<subfield code="f">Altkarte</subfield>
<subfield code="g">Paris</subfield>
</datafield>
<datafield tag="904" ind1="a" ind2=" ">
<subfield code="a">OAWKXA</subfield>
</datafield>
</record>