
<record xmlns="http://www.loc.gov/MARC21/slim"
    xmlns:xsi="http://www.w3.org/2001/XMLSchema-instance"
    xsi:schemaLocation="http://www.loc.gov/MARC21/slim
    http://www.loc.gov/standards/marcxml/schema/MARC21slim.xsd">
<leader>00000nM2.01200024      h</leader>
<controlfield tag="001">AC08769695</controlfield>
<controlfield tag="002">20111004</controlfield>
<controlfield tag="003">20161116</controlfield>
<controlfield tag="026">OBVAC08769695</controlfield>
<controlfield tag="030">a|1urr|||||17</controlfield>
<controlfield tag="050">||a|||||||a|||</controlfield>
<controlfield tag="051">m|||||||</controlfield>
<controlfield tag="FMT">MH</controlfield>
<controlfield tag="LDR">00000nM2.01200024      h</controlfield>
<datafield tag="034" ind1="1" ind2="#">
<subfield code="2">bound</subfield>
<subfield code="a">a</subfield>
<subfield code="b">5250000</subfield>
<subfield code="d">E0933900</subfield>
<subfield code="e">E1185800</subfield>
<subfield code="f">N0071300</subfield>
<subfield code="g">S0080700</subfield>
</datafield>
<datafield tag="041" ind1="#" ind2="7">
<subfield code="a">lat</subfield>
</datafield>
<datafield tag="044" ind1="#" ind2="#">
<subfield code="c">XA-NL</subfield>
</datafield>
<datafield tag="060" ind1=" " ind2=" ">
<subfield code="b">cri</subfield>
</datafield>
<datafield tag="061" ind1=" " ind2=" ">
<subfield code="b">n</subfield>
</datafield>
<datafield tag="062" ind1=" " ind2=" ">
<subfield code="b">nb</subfield>
</datafield>
<datafield tag="064" ind1="a" ind2=" ">
<subfield code="9">(DE-588)4611904-8</subfield>
</datafield>
<datafield tag="070" ind1=" " ind2=" ">
<subfield code="a">OAW</subfield>
</datafield>
<datafield tag="070" ind1="b" ind2=" ">
<subfield code="a">OAW</subfield>
</datafield>
<datafield tag="076" ind1="s" ind2=" ">
<subfield code="a">50</subfield>
</datafield>
<datafield tag="100" ind1=" " ind2=" ">
<subfield code="4">ctg</subfield>
<subfield code="9">(DE-588)124759424</subfield>
<subfield code="d">15XX-1604</subfield>
</datafield>
<datafield tag="100" ind1="1" ind2="#">
<subfield code="a">Lodewycksz, Willem</subfield>
</datafield>
<datafield tag="245" ind1="0" ind2="0">
<subfield code="a">Nova tabula, Insularum Javae, Sumatrae, Borneonis et aliarum Malaccam usque, delineata in insula Iava, ubi ad vivum designantur, vada et brevia scopulique interjacentes</subfield>
</datafield>
<datafield tag="246" ind1="0" ind2="3">
<subfield code="a">Nieuwe caerte op Java gheteeckent, van de eylanden van Java, Sumatra, Borneo tot Malacca toe, daer in dat alle de bijleggende eylanden naer t'leven gestelt, ende op haer plaetse geleyt zyn</subfield>
</datafield>
<datafield tag="255" ind1="#" ind2="#">
<subfield code="a">Circa 1:5 250 000</subfield>
</datafield>
<datafield tag="264" ind1="#" ind2="1">
<subfield code="a">[Amsterdam]</subfield>
<subfield code="b">Cornelius Nicolai excud.</subfield>
<subfield code="c">[1598]</subfield>
</datafield>
<datafield tag="300" ind1="#" ind2="#">
<subfield code="a">1 Karte</subfield>
</datafield>
<datafield tag="359" ind1=" " ind2=" ">
<subfield code="a">descripta a G. M. A. L. ; Baptista á Doetechum sculp.</subfield>
</datafield>
<datafield tag="425" ind1="a" ind2=" ">
<subfield code="a">1598</subfield>
</datafield>
<datafield tag="434" ind1=" " ind2=" ">
<subfield code="a">schwarz-weiß</subfield>
</datafield>
<datafield tag="435" ind1=" " ind2=" ">
<subfield code="a">33 x 55 cm</subfield>
</datafield>
<datafield tag="439" ind1=" " ind2=" ">
<subfield code="d">Kupferstich</subfield>
</datafield>
<datafield tag="501" ind1=" " ind2=" ">
<subfield code="a">Sonstige Details: Beschreibungstext auf der Rückseite des Blattes "Beschryvinge vande Straten ofte engten van Malacca ende Sunda / met haer omligghende Eylanden / Bancken / Ondiepten ende Sanden."</subfield>
</datafield>
<datafield tag="655" ind1="#" ind2="7">
<subfield code="a">Altkarte</subfield>
</datafield>
<datafield tag="677" ind1=" " ind2=" ">
<subfield code="9">(DE-588)133653269</subfield>
<subfield code="d">ca. ca. 1546-1609</subfield>
<subfield code="p">Claesz, Cornelis</subfield>
</datafield>
<datafield tag="700" ind1="1" ind2="#">
<subfield code="4">pbl</subfield>
</datafield>
</record>