
<record xmlns="http://www.loc.gov/MARC21/slim"
    xmlns:xsi="http://www.w3.org/2001/XMLSchema-instance"
    xsi:schemaLocation="http://www.loc.gov/MARC21/slim
    http://www.loc.gov/standards/marcxml/schema/MARC21slim.xsd">
<leader>     nM2.01200024      h</leader>
<controlfield tag="001">AC03762591</controlfield>
<controlfield tag="002">20030704</controlfield>
<controlfield tag="003">20161116</controlfield>
<controlfield tag="026">OBVAC03762591</controlfield>
<controlfield tag="030">z|1drr|||||17</controlfield>
<controlfield tag="050">||a|||||||a|||</controlfield>
<controlfield tag="051">m|||||||</controlfield>
<controlfield tag="FMT">MH</controlfield>
<controlfield tag="LDR">     nM2.01200024      h</controlfield>
<datafield tag="034" ind1="1" ind2="#">
<subfield code="2">bound</subfield>
</datafield>
<datafield tag="041" ind1="#" ind2="7">
<subfield code="a">fre</subfield>
</datafield>
<datafield tag="044" ind1="#" ind2="#">
<subfield code="c">AT</subfield>
</datafield>
<datafield tag="060" ind1=" " ind2=" ">
<subfield code="b">cri</subfield>
</datafield>
<datafield tag="061" ind1=" " ind2=" ">
<subfield code="b">n</subfield>
</datafield>
<datafield tag="062" ind1=" " ind2=" ">
<subfield code="b">nb</subfield>
</datafield>
<datafield tag="064" ind1="a" ind2=" ">
<subfield code="9">(DE-588)4611904-8</subfield>
</datafield>
<datafield tag="070" ind1=" " ind2=" ">
<subfield code="a">ONB</subfield>
</datafield>
<datafield tag="070" ind1="b" ind2=" ">
<subfield code="a">OAW</subfield>
</datafield>
<datafield tag="076" ind1="f" ind2=" ">
<subfield code="a">Erfassung ONB-Karten</subfield>
</datafield>
<datafield tag="076" ind1="s" ind2=" ">
<subfield code="a">50</subfield>
</datafield>
<datafield tag="100" ind1=" " ind2=" ">
<subfield code="4">ctg</subfield>
<subfield code="9">(DE-588)129300616</subfield>
<subfield code="d">1738-1788</subfield>
</datafield>
<datafield tag="100" ind1="1" ind2="#">
<subfield code="a">Maire, François Joseph</subfield>
</datafield>
<datafield tag="245" ind1="0" ind2="0">
<subfield code="a">Hydrographische Karte der oestreichischen Erbstaaten diesseits des Rheins</subfield>
</datafield>
<datafield tag="255" ind1="#" ind2="#">
<subfield code="a">Circa 1:970 000</subfield>
</datafield>
<datafield tag="264" ind1="#" ind2="1">
<subfield code="a">Wien</subfield>
<subfield code="b">Ch. &amp; Fred. Bargum &amp; Comp.</subfield>
<subfield code="c">[1786]</subfield>
</datafield>
<datafield tag="300" ind1="#" ind2="#">
<subfield code="a">1 Karte auf 4 Blättern</subfield>
</datafield>
<datafield tag="341" ind1=" " ind2=" ">
<subfield code="a">Carte Hydrographique des Etats de la Maison d'Autriche en deça du Rhin</subfield>
</datafield>
<datafield tag="359" ind1=" " ind2=" ">
<subfield code="a">von F. I. Maire Hydr. und Geogr.-Ingenieur ; Gravé par Mansfeld</subfield>
</datafield>
<datafield tag="425" ind1="a" ind2=" ">
<subfield code="a">1786</subfield>
</datafield>
<datafield tag="434" ind1=" " ind2=" ">
<subfield code="a">schwarz-weiß</subfield>
</datafield>
<datafield tag="435" ind1=" " ind2=" ">
<subfield code="a">99 x 154 cm, Blätter 48 x 75 cm</subfield>
</datafield>
<datafield tag="439" ind1=" " ind2=" ">
<subfield code="d">Kupferstich</subfield>
</datafield>
<datafield tag="501" ind1=" " ind2=" ">
<subfield code="a">Sonstige Details: Exemplar ÖAW-Sammlung Woldan auf Originalbögen</subfield>
</datafield>
<datafield tag="655" ind1="#" ind2="7">
<subfield code="a">Altkarte</subfield>
</datafield>
<datafield tag="677" ind1=" " ind2=" ">
<subfield code="9">(DE-588)12207288X</subfield>
<subfield code="d">1739-1796</subfield>
<subfield code="p">Mansfeld, Johann Ernst</subfield>
</datafield>
<datafield tag="700" ind1="1" ind2="#">
<subfield code="4">egr</subfield>
</datafield>
<datafield tag="902" ind1=" " ind2=" ">
<subfield code="9">(DE-588)4026309-5</subfield>
<subfield code="f">Altkarte</subfield>
<subfield code="g">Österreich</subfield>
<subfield code="s">Hydrologie</subfield>
</datafield>
<datafield tag="904" ind1="a" ind2=" ">
<subfield code="a">ONBKRP</subfield>
</datafield>
</record>