
<record xmlns="http://www.loc.gov/MARC21/slim"
    xmlns:xsi="http://www.w3.org/2001/XMLSchema-instance"
    xsi:schemaLocation="http://www.loc.gov/MARC21/slim
    http://www.loc.gov/standards/marcxml/schema/MARC21slim.xsd">
<leader>     nM2.01200024      h</leader>
<controlfield tag="001">AC04564077</controlfield>
<controlfield tag="002">20050706</controlfield>
<controlfield tag="003">20161116</controlfield>
<controlfield tag="026">OBVAC04564077</controlfield>
<controlfield tag="030">a|1urr|||||17</controlfield>
<controlfield tag="050">a|a|||||||||||</controlfield>
<controlfield tag="051">s|||||||</controlfield>
<controlfield tag="FMT">MH</controlfield>
<controlfield tag="LDR">     nM2.01200024      h</controlfield>
<datafield tag="034" ind1="1" ind2="#">
<subfield code="2">bound</subfield>
<subfield code="a">a</subfield>
<subfield code="b">350000</subfield>
<subfield code="d">E0204400</subfield>
<subfield code="e">E0222300</subfield>
<subfield code="f">N0495500</subfield>
<subfield code="g">N0491400</subfield>
</datafield>
<datafield tag="041" ind1="#" ind2="7">
<subfield code="a">fre</subfield>
</datafield>
<datafield tag="044" ind1="#" ind2="#">
<subfield code="c">XA-AAAT</subfield>
</datafield>
<datafield tag="060" ind1=" " ind2=" ">
<subfield code="b">cri</subfield>
</datafield>
<datafield tag="061" ind1=" " ind2=" ">
<subfield code="b">n</subfield>
</datafield>
<datafield tag="062" ind1=" " ind2=" ">
<subfield code="b">nb</subfield>
</datafield>
<datafield tag="064" ind1="a" ind2=" ">
<subfield code="9">(DE-588)4611904-8</subfield>
</datafield>
<datafield tag="070" ind1=" " ind2=" ">
<subfield code="a">ONB</subfield>
</datafield>
<datafield tag="070" ind1="b" ind2=" ">
<subfield code="a">OAW</subfield>
</datafield>
<datafield tag="076" ind1="s" ind2=" ">
<subfield code="a">50</subfield>
</datafield>
<datafield tag="100" ind1=" " ind2=" ">
<subfield code="9">(DE-588)129300616</subfield>
<subfield code="d">1738-1788</subfield>
</datafield>
<datafield tag="100" ind1="1" ind2="#">
<subfield code="a">Maire, François Joseph</subfield>
</datafield>
<datafield tag="245" ind1="0" ind2="0">
<subfield code="a">Verbindung des Poprad und der Dunajetz mit den beiden Wisloka</subfield>
</datafield>
<datafield tag="246" ind1="0" ind2="3">
<subfield code="a">Jonction du Poprad et du Dunajetz aux deux Wisloka</subfield>
</datafield>
<datafield tag="255" ind1="#" ind2="#">
<subfield code="a">Circa 1:350 000</subfield>
</datafield>
<datafield tag="264" ind1="#" ind2="1">
<subfield code="a">[Wien]</subfield>
<subfield code="b">[Ch. &amp; Fred. Bargum &amp; Comp.]</subfield>
<subfield code="c">[1786]</subfield>
</datafield>
<datafield tag="300" ind1="#" ind2="#">
<subfield code="a">1 Karte</subfield>
</datafield>
<datafield tag="359" ind1=" " ind2=" ">
<subfield code="a">[François Joseph Maire]</subfield>
</datafield>
<datafield tag="425" ind1="a" ind2=" ">
<subfield code="a">1786</subfield>
</datafield>
<datafield tag="434" ind1=" " ind2=" ">
<subfield code="a">schwarz-weiß</subfield>
</datafield>
<datafield tag="435" ind1=" " ind2=" ">
<subfield code="a">36 x 48 cm</subfield>
</datafield>
<datafield tag="439" ind1=" " ind2=" ">
<subfield code="d">Kupferstich</subfield>
</datafield>
<datafield tag="451" ind1=" " ind2=" ">
<subfield code="a">Six Cartes relatives</subfield>
<subfield code="v">N.° IV</subfield>
</datafield>
<datafield tag="453" ind1="m" ind2=" ">
<subfield code="a">AC04563987</subfield>
</datafield>
<datafield tag="455" ind1=" " ind2=" ">
<subfield code="a">N.° IV</subfield>
</datafield>
<datafield tag="456" ind1=" " ind2=" ">
<subfield code="a">4</subfield>
</datafield>
<datafield tag="501" ind1=" " ind2=" ">
<subfield code="a">Sonstige Details: Exemplar ÖAW-Sammlung Woldan auf Leinen aufgezogen</subfield>
</datafield>
<datafield tag="530" ind1=" " ind2=" ">
<subfield code="9">AC03762591</subfield>
<subfield code="a">Maire, François Joseph, 1738-1788. Hydrographische Karte der oestreichischen Erbstaaten diesseits des Rheins. Wien, Ch. &amp; Fred. Bargum &amp; Comp., [1786]</subfield>
<subfield code="p">Enthalten in</subfield>
</datafield>
<datafield tag="655" ind1="#" ind2="7">
<subfield code="a">Altkarte</subfield>
</datafield>
<datafield tag="902" ind1=" " ind2=" ">
<subfield code="9">(DE-588)4555158-3</subfield>
<subfield code="f">Altkarte</subfield>
<subfield code="g">Wisłoka</subfield>
<subfield code="s">Kanal</subfield>
</datafield>
</record>