
<record xmlns="http://www.loc.gov/MARC21/slim"
    xmlns:xsi="http://www.w3.org/2001/XMLSchema-instance"
    xsi:schemaLocation="http://www.loc.gov/MARC21/slim
    http://www.loc.gov/standards/marcxml/schema/MARC21slim.xsd">
<leader>00331nM2.01000024      h</leader>
<controlfield tag="001">AC04258574</controlfield>
<controlfield tag="002">20040924</controlfield>
<controlfield tag="003">20161116</controlfield>
<controlfield tag="026">OBVAC04258574</controlfield>
<controlfield tag="030">z|1drr|||||17</controlfield>
<controlfield tag="050">||a|||||||a|||</controlfield>
<controlfield tag="051">m|||||||</controlfield>
<controlfield tag="FMT">MH</controlfield>
<controlfield tag="LDR">00331nM2.01000024      h</controlfield>
<datafield tag="034" ind1="1" ind2="#">
<subfield code="2">bound</subfield>
<subfield code="a">a</subfield>
<subfield code="b">500000</subfield>
<subfield code="d">E0114658</subfield>
<subfield code="e">E0142142</subfield>
<subfield code="f">N0482109</subfield>
<subfield code="g">N0465915</subfield>
</datafield>
<datafield tag="041" ind1="#" ind2="7">
<subfield code="a">ger</subfield>
</datafield>
<datafield tag="044" ind1="#" ind2="#">
<subfield code="c">XA-DXDE</subfield>
</datafield>
<datafield tag="060" ind1=" " ind2=" ">
<subfield code="b">cri</subfield>
</datafield>
<datafield tag="061" ind1=" " ind2=" ">
<subfield code="b">n</subfield>
</datafield>
<datafield tag="062" ind1=" " ind2=" ">
<subfield code="b">nb</subfield>
</datafield>
<datafield tag="064" ind1="a" ind2=" ">
<subfield code="9">(DE-588)4611904-8</subfield>
</datafield>
<datafield tag="070" ind1=" " ind2=" ">
<subfield code="a">OAW</subfield>
</datafield>
<datafield tag="070" ind1="b" ind2=" ">
<subfield code="a">OAW</subfield>
</datafield>
<datafield tag="076" ind1="s" ind2=" ">
<subfield code="a">50</subfield>
</datafield>
<datafield tag="100" ind1=" " ind2=" ">
<subfield code="4">ctg</subfield>
<subfield code="9">(DE-588)123493889</subfield>
<subfield code="d">1800-1864</subfield>
</datafield>
<datafield tag="100" ind1="1" ind2="#">
<subfield code="a">Mayr, Johann Georg</subfield>
</datafield>
<datafield tag="245" ind1="0" ind2="0">
<subfield code="a">Reise- und Gebirgs-Karte vom Lande Salzburg mit Berchtesgaden und dem Salzkammergut</subfield>
</datafield>
<datafield tag="255" ind1="#" ind2="#">
<subfield code="a">1:500 000</subfield>
</datafield>
<datafield tag="264" ind1="#" ind2="1">
<subfield code="a">München</subfield>
<subfield code="b">in Commission bei A. Brugger</subfield>
<subfield code="c">1854</subfield>
</datafield>
<datafield tag="264" ind1="#" ind2="3">
<subfield code="a">München</subfield>
<subfield code="b">J. B. Seel</subfield>
<subfield code="c">1854</subfield>
</datafield>
<datafield tag="300" ind1="#" ind2="#">
<subfield code="a">1 Karte</subfield>
</datafield>
<datafield tag="335" ind1=" " ind2=" ">
<subfield code="a">nebst den andern angränzenden österreichisch- und bayerischen Landestheilen</subfield>
</datafield>
<datafield tag="359" ind1=" " ind2=" ">
<subfield code="a">bearbeitet und herausgegeben von Gg. Mayr ; Gestochen unter Mitwirkung des Verfassers von C. Schleich</subfield>
</datafield>
<datafield tag="425" ind1="a" ind2=" ">
<subfield code="a">1854</subfield>
</datafield>
<datafield tag="434" ind1=" " ind2=" ">
<subfield code="a">farbig</subfield>
</datafield>
<datafield tag="435" ind1=" " ind2=" ">
<subfield code="a">37 x 36 cm</subfield>
</datafield>
<datafield tag="439" ind1=" " ind2=" ">
<subfield code="d">Lithographie</subfield>
</datafield>
<datafield tag="501" ind1=" " ind2=" ">
<subfield code="a">Sonstige Details: Exemplar ÖAW-Sammlung Woldan gefaltet in Leinenumschlag, Nebenkarte gesondert auf den linken Deckel geklebt</subfield>
</datafield>
<datafield tag="655" ind1="#" ind2="7">
<subfield code="a">Altkarte</subfield>
</datafield>
<datafield tag="675" ind1="a" ind2=" ">
<subfield code="a">Gebirgskarte</subfield>
</datafield>
<datafield tag="677" ind1=" " ind2=" ">
<subfield code="9">(DE-588)128653531</subfield>
<subfield code="d">1823-1887</subfield>
<subfield code="p">Schleich, Carl Peter</subfield>
</datafield>
<datafield tag="700" ind1="1" ind2="#">
<subfield code="4">egr</subfield>
</datafield>
<datafield tag="902" ind1=" " ind2=" ">
<subfield code="9">(DE-588)4042884-9</subfield>
<subfield code="f">Karte</subfield>
<subfield code="g">Regierungsbezirk Oberbayern</subfield>
</datafield>
<datafield tag="907" ind1=" " ind2=" ">
<subfield code="9">(DE-588)4060207-2</subfield>
<subfield code="f">Karte</subfield>
<subfield code="g">Tirol</subfield>
</datafield>
<datafield tag="912" ind1=" " ind2=" ">
<subfield code="9">(DE-588)4051423-7</subfield>
<subfield code="f">Karte</subfield>
<subfield code="g">Land Salzburg</subfield>
</datafield>
<datafield tag="917" ind1=" " ind2=" ">
<subfield code="9">(DE-588)4051442-0</subfield>
<subfield code="f">Karte</subfield>
<subfield code="g">Salzkammergut</subfield>
</datafield>
</record>