
<record xmlns="http://www.loc.gov/MARC21/slim"
    xmlns:xsi="http://www.w3.org/2001/XMLSchema-instance"
    xsi:schemaLocation="http://www.loc.gov/MARC21/slim
    http://www.loc.gov/standards/marcxml/schema/MARC21slim.xsd">
<leader>00806nM2.01000024      h</leader>
<controlfield tag="001">AC00677476</controlfield>
<controlfield tag="002">19930727</controlfield>
<controlfield tag="003">20161118</controlfield>
<controlfield tag="026">OBVAC00677476</controlfield>
<controlfield tag="030">a|1urr|||||17</controlfield>
<controlfield tag="050">||||||||||a|||</controlfield>
<controlfield tag="051">m||||||</controlfield>
<controlfield tag="FMT">MH</controlfield>
<controlfield tag="LDR">00806nM2.01000024      h</controlfield>
<datafield tag="034" ind1="1" ind2="#">
<subfield code="2">bound</subfield>
<subfield code="a">a</subfield>
<subfield code="b">500000</subfield>
<subfield code="d">E0115200</subfield>
<subfield code="e">E0141800</subfield>
<subfield code="f">N0482100</subfield>
<subfield code="g">N0465400</subfield>
</datafield>
<datafield tag="041" ind1="#" ind2="7">
<subfield code="a">ger</subfield>
</datafield>
<datafield tag="044" ind1="#" ind2="#">
<subfield code="c">XA-DE</subfield>
</datafield>
<datafield tag="060" ind1=" " ind2=" ">
<subfield code="b">cri</subfield>
</datafield>
<datafield tag="061" ind1=" " ind2=" ">
<subfield code="b">n</subfield>
</datafield>
<datafield tag="062" ind1=" " ind2=" ">
<subfield code="b">nb</subfield>
</datafield>
<datafield tag="064" ind1="a" ind2=" ">
<subfield code="9">(DE-588)4029783-4</subfield>
</datafield>
<datafield tag="070" ind1=" " ind2=" ">
<subfield code="a">UBS</subfield>
</datafield>
<datafield tag="070" ind1="b" ind2=" ">
<subfield code="a">OAW</subfield>
</datafield>
<datafield tag="076" ind1="s" ind2=" ">
<subfield code="a">54</subfield>
</datafield>
<datafield tag="100" ind1=" " ind2=" ">
<subfield code="4">ctg</subfield>
<subfield code="9">(DE-588)123493889</subfield>
<subfield code="d">1800-1864</subfield>
</datafield>
<datafield tag="100" ind1="1" ind2="#">
<subfield code="a">Mayr, Johann Georg</subfield>
</datafield>
<datafield tag="104" ind1="a" ind2=" ">
<subfield code="4">ctg</subfield>
<subfield code="9">(DE-588)116085762</subfield>
<subfield code="p">Bauer, Robert</subfield>
</datafield>
<datafield tag="245" ind1="0" ind2="0">
<subfield code="a">Reise- und Gebirgs-Karte vom Lande Salzburg mit Berchtesgaden und dem Salzkammergut nebst den angränzenden österreichisch- und bayerischen Landestheilen</subfield>
</datafield>
<datafield tag="255" ind1="#" ind2="#">
<subfield code="a">1:500 000</subfield>
</datafield>
<datafield tag="264" ind1="#" ind2="1">
<subfield code="a">Regensburg</subfield>
<subfield code="b">Alfred Coppenrath (H. Pawelek)</subfield>
<subfield code="c">[1880?]</subfield>
</datafield>
<datafield tag="300" ind1="#" ind2="#">
<subfield code="a">1 Karte</subfield>
</datafield>
<datafield tag="359" ind1=" " ind2=" ">
<subfield code="a">bearbeitet gezeichnet und gestochen von Gg. Mayr, München ; Berichtigt u. ergänzt v. Robert Bauer</subfield>
</datafield>
<datafield tag="425" ind1="a" ind2=" ">
<subfield code="a">1880</subfield>
</datafield>
<datafield tag="435" ind1=" " ind2=" ">
<subfield code="a">37 x 36 cm, gefaltet 10 x 15 cm</subfield>
</datafield>
<datafield tag="439" ind1=" " ind2=" ">
<subfield code="d">Chromolithographie</subfield>
</datafield>
<datafield tag="501" ind1=" " ind2=" ">
<subfield code="a">Bezugsmeridian: Ferro</subfield>
</datafield>
<datafield tag="655" ind1="#" ind2="7">
<subfield code="a">Karte</subfield>
</datafield>
<datafield tag="677" ind1=" " ind2=" ">
<subfield code="9">(DE-588)123493889</subfield>
<subfield code="d">1800-1864</subfield>
<subfield code="p">Mayr, Johann Georg</subfield>
</datafield>
<datafield tag="700" ind1="1" ind2="#">
<subfield code="4">egr</subfield>
</datafield>
<datafield tag="902" ind1=" " ind2=" ">
<subfield code="9">(DE-588)4051442-0</subfield>
<subfield code="f">Karte</subfield>
<subfield code="g">Salzkammergut</subfield>
</datafield>
<datafield tag="904" ind1="a" ind2=" ">
<subfield code="a">UBS</subfield>
</datafield>
<datafield tag="907" ind1=" " ind2=" ">
<subfield code="9">(DE-588)4005574-7</subfield>
<subfield code="f">Karte</subfield>
<subfield code="g">Berchtesgaden</subfield>
</datafield>
<datafield tag="909" ind1="a" ind2=" ">
<subfield code="a">UBS</subfield>
</datafield>
<datafield tag="912" ind1=" " ind2=" ">
<subfield code="9">(DE-588)4051423-7</subfield>
<subfield code="f">Karte</subfield>
<subfield code="g">Land Salzburg</subfield>
</datafield>
<datafield tag="914" ind1="a" ind2=" ">
<subfield code="a">UBS</subfield>
</datafield>
</record>