
<record xmlns="http://www.loc.gov/MARC21/slim"
    xmlns:xsi="http://www.w3.org/2001/XMLSchema-instance"
    xsi:schemaLocation="http://www.loc.gov/MARC21/slim
    http://www.loc.gov/standards/marcxml/schema/MARC21slim.xsd">
<leader>     nM2.01200024      h</leader>
<controlfield tag="001">AC10732466</controlfield>
<controlfield tag="002">20130301</controlfield>
<controlfield tag="003">20161116</controlfield>
<controlfield tag="026">OBVAC10732466</controlfield>
<controlfield tag="030">z|1drr|||||17</controlfield>
<controlfield tag="050">||a|||||||a|||</controlfield>
<controlfield tag="051">m|||||||</controlfield>
<controlfield tag="FMT">MH</controlfield>
<controlfield tag="LDR">     nM2.01200024      h</controlfield>
<datafield tag="034" ind1="1" ind2="#">
<subfield code="2">bound</subfield>
<subfield code="a">a</subfield>
<subfield code="b">42000000</subfield>
<subfield code="d">E1631500</subfield>
<subfield code="e">E1663800</subfield>
<subfield code="f">N0845900</subfield>
<subfield code="g">S0850000</subfield>
</datafield>
<datafield tag="041" ind1="#" ind2="7">
<subfield code="a">eng</subfield>
</datafield>
<datafield tag="044" ind1="#" ind2="#">
<subfield code="c">XA-GB</subfield>
</datafield>
<datafield tag="060" ind1=" " ind2=" ">
<subfield code="b">cri</subfield>
</datafield>
<datafield tag="061" ind1=" " ind2=" ">
<subfield code="b">n</subfield>
</datafield>
<datafield tag="062" ind1=" " ind2=" ">
<subfield code="b">nb</subfield>
</datafield>
<datafield tag="064" ind1="a" ind2=" ">
<subfield code="9">(DE-588)4611904-8</subfield>
</datafield>
<datafield tag="070" ind1=" " ind2=" ">
<subfield code="a">OAW</subfield>
</datafield>
<datafield tag="070" ind1="b" ind2=" ">
<subfield code="a">OAW</subfield>
</datafield>
<datafield tag="076" ind1="s" ind2=" ">
<subfield code="a">50</subfield>
</datafield>
<datafield tag="100" ind1=" " ind2=" ">
<subfield code="4">ctg</subfield>
<subfield code="9">(DE-588)12039376X</subfield>
<subfield code="d">1654-1732</subfield>
</datafield>
<datafield tag="100" ind1="1" ind2="#">
<subfield code="a">Moll, Herman</subfield>
</datafield>
<datafield tag="245" ind1="0" ind2="0">
<subfield code="a">&lt;&lt;A&gt;&gt; New and Correct Map of the World</subfield>
</datafield>
<datafield tag="255" ind1="#" ind2="#">
<subfield code="a">circa 1:42 000 000</subfield>
</datafield>
<datafield tag="264" ind1="#" ind2="1">
<subfield code="a">London</subfield>
<subfield code="b">Printed for and sold by J. Bowles ... &amp; by T. Bowles ... and by P. Overton ... and by John King</subfield>
<subfield code="c">[1730?]</subfield>
</datafield>
<datafield tag="300" ind1="#" ind2="#">
<subfield code="a">1 Karte auf 2 Blättern</subfield>
</datafield>
<datafield tag="335" ind1=" " ind2=" ">
<subfield code="a">laid down according to the newest Discoveries, and from the most exact Observations</subfield>
</datafield>
<datafield tag="359" ind1=" " ind2=" ">
<subfield code="a">By Herman Moll Geographer</subfield>
</datafield>
<datafield tag="425" ind1="a" ind2=" ">
<subfield code="a">1730</subfield>
</datafield>
<datafield tag="434" ind1=" " ind2=" ">
<subfield code="a">schwarz-weiß</subfield>
</datafield>
<datafield tag="435" ind1=" " ind2=" ">
<subfield code="a">57 x 97 cm</subfield>
</datafield>
<datafield tag="439" ind1=" " ind2=" ">
<subfield code="d">Kupferstich</subfield>
</datafield>
<datafield tag="501" ind1=" " ind2=" ">
<subfield code="a">Sonstige Details: Exemplar ÖAW-Sammlung Woldan flächenkoloriert</subfield>
</datafield>
<datafield tag="655" ind1="#" ind2="7">
<subfield code="a">Altkarte</subfield>
</datafield>
</record>