
<record xmlns="http://www.loc.gov/MARC21/slim"
    xmlns:xsi="http://www.w3.org/2001/XMLSchema-instance"
    xsi:schemaLocation="http://www.loc.gov/MARC21/slim
    http://www.loc.gov/standards/marcxml/schema/MARC21slim.xsd">
<leader>00000nM2.01200024      h</leader>
<controlfield tag="001">AC13375594</controlfield>
<controlfield tag="002">20161115</controlfield>
<controlfield tag="003">20161116</controlfield>
<controlfield tag="026">OBVAC13375594</controlfield>
<controlfield tag="030">a|1urr|||||27</controlfield>
<controlfield tag="050">||a|||||||a|||</controlfield>
<controlfield tag="051">m|||||||</controlfield>
<controlfield tag="FMT">MH</controlfield>
<controlfield tag="LDR">00000nM2.01200024      h</controlfield>
<datafield tag="034" ind1="1" ind2="#">
<subfield code="2">bound</subfield>
<subfield code="a">a</subfield>
<subfield code="b">1700000</subfield>
<subfield code="d">E0091900</subfield>
<subfield code="e">E0163200</subfield>
<subfield code="f">N0490400</subfield>
<subfield code="g">N0453200</subfield>
</datafield>
<datafield tag="060" ind1=" " ind2=" ">
<subfield code="b">cri</subfield>
</datafield>
<datafield tag="061" ind1=" " ind2=" ">
<subfield code="b">n</subfield>
</datafield>
<datafield tag="062" ind1=" " ind2=" ">
<subfield code="b">nb</subfield>
</datafield>
<datafield tag="064" ind1="a" ind2=" ">
<subfield code="9">(DE-588)4611904-8</subfield>
</datafield>
<datafield tag="070" ind1=" " ind2=" ">
<subfield code="a">OAW</subfield>
</datafield>
<datafield tag="070" ind1="b" ind2=" ">
<subfield code="a">OAW</subfield>
</datafield>
<datafield tag="076" ind1="s" ind2=" ">
<subfield code="a">54</subfield>
</datafield>
<datafield tag="110" ind1="2" ind2="#">
<subfield code="0">(DE-588)35495-8</subfield>
</datafield>
<datafield tag="200" ind1=" " ind2=" ">
<subfield code="4">edt</subfield>
<subfield code="k">Preußische Akademie der Wissenschaften</subfield>
</datafield>
<datafield tag="245" ind1="0" ind2="0">
<subfield code="a">Tabula Geographica Circulorum Austriaci et Bavarici Imperii Romano-Germanici</subfield>
</datafield>
<datafield tag="255" ind1="#" ind2="#">
<subfield code="a">Circa 1:1 700 000</subfield>
</datafield>
<datafield tag="264" ind1="#" ind2="1">
<subfield code="a">[Berlin]</subfield>
<subfield code="b">[gedruckt bei Christian Ludewig Kunst]</subfield>
<subfield code="c">[1760]</subfield>
</datafield>
<datafield tag="300" ind1="#" ind2="#">
<subfield code="a">1 Karte</subfield>
</datafield>
<datafield tag="359" ind1=" " ind2=" ">
<subfield code="a">ad emendatiora Exempla adhuc edita Jussu Academice Regice Scientiarum et eleg. litt. Borussicae descripta</subfield>
</datafield>
<datafield tag="425" ind1="a" ind2=" ">
<subfield code="a">1760</subfield>
</datafield>
<datafield tag="435" ind1=" " ind2=" ">
<subfield code="a">30,5 x 36 cm</subfield>
</datafield>
<datafield tag="439" ind1=" " ind2=" ">
<subfield code="d">Kupferstich</subfield>
</datafield>
<datafield tag="501" ind1=" " ind2=" ">
<subfield code="a">Sonstige Details: Exemplar ÖAW-Sammlung Woldan flächen- und grenzkoloriert</subfield>
</datafield>
<datafield tag="530" ind1=" " ind2=" ">
<subfield code="a">Geographischer Atlas bestehend in 44 Land-Charten, worauf alle Theile des Erd-Creyses vorgestellet werden</subfield>
<subfield code="p">Enthalten in</subfield>
</datafield>
<datafield tag="655" ind1="#" ind2="7">
<subfield code="a">Altkarte</subfield>
</datafield>
</record>