
<record xmlns="http://www.loc.gov/MARC21/slim"
    xmlns:xsi="http://www.w3.org/2001/XMLSchema-instance"
    xsi:schemaLocation="http://www.loc.gov/MARC21/slim
    http://www.loc.gov/standards/marcxml/schema/MARC21slim.xsd">
<leader>     nM2.01200024      h</leader>
<controlfield tag="001">AC04042189</controlfield>
<controlfield tag="002">20040319</controlfield>
<controlfield tag="003">20161116</controlfield>
<controlfield tag="026">OBVAC04042189</controlfield>
<controlfield tag="030">a|1urr|||||17</controlfield>
<controlfield tag="050">||a|||||||a|||</controlfield>
<controlfield tag="051">m||||||</controlfield>
<controlfield tag="FMT">MH</controlfield>
<controlfield tag="LDR">     nM2.01200024      h</controlfield>
<datafield tag="034" ind1="1" ind2="#">
<subfield code="2">bound</subfield>
<subfield code="a">a</subfield>
<subfield code="d">E0011100</subfield>
<subfield code="e">E0391900</subfield>
<subfield code="f">N0561400</subfield>
<subfield code="g">N0374300</subfield>
</datafield>
<datafield tag="041" ind1="#" ind2="7">
<subfield code="a">ger</subfield>
</datafield>
<datafield tag="044" ind1="#" ind2="#">
<subfield code="c">XA-AAAT</subfield>
</datafield>
<datafield tag="060" ind1=" " ind2=" ">
<subfield code="b">cri</subfield>
</datafield>
<datafield tag="061" ind1=" " ind2=" ">
<subfield code="b">n</subfield>
</datafield>
<datafield tag="062" ind1=" " ind2=" ">
<subfield code="b">nb</subfield>
</datafield>
<datafield tag="064" ind1="a" ind2=" ">
<subfield code="9">(DE-588)4611904-8</subfield>
</datafield>
<datafield tag="070" ind1=" " ind2=" ">
<subfield code="a">OAW</subfield>
</datafield>
<datafield tag="070" ind1="b" ind2=" ">
<subfield code="a">OAW</subfield>
</datafield>
<datafield tag="076" ind1="s" ind2=" ">
<subfield code="a">50</subfield>
</datafield>
<datafield tag="100" ind1=" " ind2=" ">
<subfield code="4">ctg</subfield>
<subfield code="9">(DE-588)116324155</subfield>
<subfield code="d">1793-1861</subfield>
</datafield>
<datafield tag="100" ind1="1" ind2="#">
<subfield code="a">Raffelsperger, Franz</subfield>
</datafield>
<datafield tag="245" ind1="0" ind2="0">
<subfield code="a">Influenzkarte der Eilpost-Diligenze- und Packwagen-Course in dem Kaiserthume Österreich und in den angränzenden Ländern bis Rom, Genua, Paris, Brüssel, Hamburg, Berlin, Petersburg, Odessa, Constatinopel, Corfu</subfield>
</datafield>
<datafield tag="250" ind1="#" ind2="#">
<subfield code="a">Dritte Auflage</subfield>
</datafield>
<datafield tag="255" ind1="#" ind2="#">
<subfield code="a">Nicht maßstabsgetreu</subfield>
</datafield>
<datafield tag="264" ind1="#" ind2="1">
<subfield code="a">Wien</subfield>
<subfield code="b">Franz Raffelsberger</subfield>
<subfield code="c">1834</subfield>
</datafield>
<datafield tag="300" ind1="#" ind2="#">
<subfield code="a">1 Karte</subfield>
</datafield>
<datafield tag="359" ind1=" " ind2=" ">
<subfield code="a">entworfen und herausgegeben von Franz Raffelsberger Official der K.K. Post- Hofbuchhaltung</subfield>
</datafield>
<datafield tag="425" ind1="a" ind2=" ">
<subfield code="a">1834</subfield>
</datafield>
<datafield tag="435" ind1=" " ind2=" ">
<subfield code="a">50 x 68,5 cm</subfield>
</datafield>
<datafield tag="439" ind1=" " ind2=" ">
<subfield code="d">Kupferstich</subfield>
</datafield>
<datafield tag="501" ind1=" " ind2=" ">
<subfield code="a">Ergänzender Inhalt: Mit Angabe der Abfahrtszeiten der Postkutschen, Einwohnerzahlen und Entfernungen von Wien</subfield>
</datafield>
<datafield tag="655" ind1="#" ind2="7">
<subfield code="a">Altkarte</subfield>
</datafield>
<datafield tag="902" ind1=" " ind2=" ">
<subfield code="9">(DE-588)4062901-6</subfield>
<subfield code="f">Altkarte</subfield>
<subfield code="g">Österreich</subfield>
<subfield code="s">Verkehr</subfield>
</datafield>
<datafield tag="904" ind1="a" ind2=" ">
<subfield code="a">ONBKRP</subfield>
</datafield>
<datafield tag="907" ind1=" " ind2=" ">
<subfield code="9">(DE-588)4062901-6</subfield>
<subfield code="g">Mitteleuropa</subfield>
<subfield code="n">Themakarte</subfield>
<subfield code="s">Verkehr</subfield>
</datafield>
<datafield tag="909" ind1="a" ind2=" ">
<subfield code="a">ONBKRP</subfield>
</datafield>
</record>