
<record xmlns="http://www.loc.gov/MARC21/slim"
    xmlns:xsi="http://www.w3.org/2001/XMLSchema-instance"
    xsi:schemaLocation="http://www.loc.gov/MARC21/slim
    http://www.loc.gov/standards/marcxml/schema/MARC21slim.xsd">
<leader>     nM2.01200024      h</leader>
<controlfield tag="001">AC04522121</controlfield>
<controlfield tag="002">20050531</controlfield>
<controlfield tag="003">20161116</controlfield>
<controlfield tag="026">OBVAC04522121</controlfield>
<controlfield tag="030">z|1drr|||||17</controlfield>
<controlfield tag="050">||a|||||||a|||</controlfield>
<controlfield tag="051">m|||||||</controlfield>
<controlfield tag="FMT">MH</controlfield>
<controlfield tag="LDR">     nM2.01200024      h</controlfield>
<datafield tag="034" ind1="1" ind2="#">
<subfield code="2">bound</subfield>
<subfield code="a">a</subfield>
<subfield code="b">1850000</subfield>
<subfield code="d">E0184200</subfield>
<subfield code="e">E0464400</subfield>
<subfield code="f">N0485100</subfield>
<subfield code="g">N0345300</subfield>
</datafield>
<datafield tag="041" ind1="#" ind2="7">
<subfield code="a">lat</subfield>
</datafield>
<datafield tag="044" ind1="#" ind2="#">
<subfield code="c">XA-DXDE</subfield>
</datafield>
<datafield tag="060" ind1=" " ind2=" ">
<subfield code="b">cri</subfield>
</datafield>
<datafield tag="061" ind1=" " ind2=" ">
<subfield code="b">n</subfield>
</datafield>
<datafield tag="062" ind1=" " ind2=" ">
<subfield code="b">nb</subfield>
</datafield>
<datafield tag="064" ind1="a" ind2=" ">
<subfield code="9">(DE-588)4611904-8</subfield>
</datafield>
<datafield tag="070" ind1=" " ind2=" ">
<subfield code="a">ONB</subfield>
</datafield>
<datafield tag="070" ind1="b" ind2=" ">
<subfield code="a">OAW</subfield>
</datafield>
<datafield tag="076" ind1="f" ind2=" ">
<subfield code="a">Erfassung ONB-Karten</subfield>
</datafield>
<datafield tag="076" ind1="s" ind2=" ">
<subfield code="a">50</subfield>
</datafield>
<datafield tag="100" ind1=" " ind2=" ">
<subfield code="4">ctg</subfield>
<subfield code="9">(DE-588)103753877</subfield>
<subfield code="d">1713-1786</subfield>
</datafield>
<datafield tag="100" ind1="1" ind2="#">
<subfield code="a">Rhode, Johann Christian</subfield>
</datafield>
<datafield tag="245" ind1="0" ind2="0">
<subfield code="a">Partes confines Trium Magnorum Imperiorum Austriaci Russici et Osmanic</subfield>
</datafield>
<datafield tag="255" ind1="#" ind2="#">
<subfield code="a">Circa 1:1 850 000</subfield>
</datafield>
<datafield tag="264" ind1="#" ind2="1">
<subfield code="a">[Berlin]</subfield>
<subfield code="b">Ausp. Acad. Reg. Scient. et Eleg. Litt.</subfield>
<subfield code="c">MDCCLXXXV</subfield>
</datafield>
<datafield tag="300" ind1="#" ind2="#">
<subfield code="a">1 Karte auf 6 Blättern</subfield>
</datafield>
<datafield tag="335" ind1=" " ind2=" ">
<subfield code="a">Foliis VI comprehensae ex novissimis observationibus, dimensionibus optimisque tabulis geographicis descriptae</subfield>
</datafield>
<datafield tag="359" ind1=" " ind2=" ">
<subfield code="a">a I. C. Rhode Acad. suprad. Geogr.</subfield>
</datafield>
<datafield tag="425" ind1="a" ind2=" ">
<subfield code="a">1785</subfield>
</datafield>
<datafield tag="434" ind1=" " ind2=" ">
<subfield code="a">schwarz-weiß</subfield>
</datafield>
<datafield tag="435" ind1=" " ind2=" ">
<subfield code="a">92 x 133 cm, Blätter 46 x 44,5 cm oder kleiner</subfield>
</datafield>
<datafield tag="439" ind1=" " ind2=" ">
<subfield code="d">Kupferstich</subfield>
</datafield>
<datafield tag="501" ind1=" " ind2=" ">
<subfield code="a">Sonstige Details: Exemplar ONB koloriert, auf Leinen aufgezogen und in 4 Blätter (Blattgröße 46 x 67 cm) zerschnitten; Stempel der Berliner Akademie auf jedem Blatt</subfield>
</datafield>
<datafield tag="655" ind1="#" ind2="7">
<subfield code="a">Altkarte</subfield>
</datafield>
<datafield tag="902" ind1=" " ind2=" ">
<subfield code="9">(DE-588)4049029-4</subfield>
<subfield code="f">Altkarte</subfield>
<subfield code="g">Schwarzes Meer</subfield>
<subfield code="s">Region</subfield>
</datafield>
<datafield tag="904" ind1="a" ind2=" ">
<subfield code="a">ONBKRP</subfield>
</datafield>
<datafield tag="907" ind1=" " ind2=" ">
<subfield code="9">(DE-588)4058449-5</subfield>
<subfield code="f">Altkarte</subfield>
<subfield code="g">Südosteuropa</subfield>
</datafield>
<datafield tag="909" ind1="a" ind2=" ">
<subfield code="a">ONBKRP</subfield>
</datafield>
<datafield tag="912" ind1=" " ind2=" ">
<subfield code="9">(DE-588)4068425-8</subfield>
<subfield code="f">Altkarte</subfield>
<subfield code="g">Ägäis</subfield>
</datafield>
<datafield tag="914" ind1="a" ind2=" ">
<subfield code="a">ONBKRP</subfield>
</datafield>
<datafield tag="917" ind1=" " ind2=" ">
<subfield code="9">(DE-588)4085685-9</subfield>
<subfield code="f">Altkarte</subfield>
<subfield code="g">Anatolien</subfield>
</datafield>
<datafield tag="919" ind1="a" ind2=" ">
<subfield code="a">ONBKRP</subfield>
</datafield>
</record>