
<record xmlns="http://www.loc.gov/MARC21/slim"
    xmlns:xsi="http://www.w3.org/2001/XMLSchema-instance"
    xsi:schemaLocation="http://www.loc.gov/MARC21/slim
    http://www.loc.gov/standards/marcxml/schema/MARC21slim.xsd">
<leader>00000nM2.01200024      h</leader>
<controlfield tag="001">AC12239283</controlfield>
<controlfield tag="002">20150409</controlfield>
<controlfield tag="003">20161116</controlfield>
<controlfield tag="026">OBVAC12239283</controlfield>
<controlfield tag="030">a|1urr|||||17</controlfield>
<controlfield tag="050">||a|||||||a|||</controlfield>
<controlfield tag="051">m|||||||</controlfield>
<controlfield tag="FMT">MH</controlfield>
<controlfield tag="LDR">00000nM2.01200024      h</controlfield>
<datafield tag="041" ind1="#" ind2="7">
<subfield code="a">lat</subfield>
</datafield>
<datafield tag="044" ind1="#" ind2="#">
<subfield code="c">XA-DXDE</subfield>
</datafield>
<datafield tag="060" ind1=" " ind2=" ">
<subfield code="b">cri</subfield>
</datafield>
<datafield tag="061" ind1=" " ind2=" ">
<subfield code="b">n</subfield>
</datafield>
<datafield tag="062" ind1=" " ind2=" ">
<subfield code="b">nb</subfield>
</datafield>
<datafield tag="064" ind1="a" ind2=" ">
<subfield code="9">(DE-588)4611904-8</subfield>
</datafield>
<datafield tag="070" ind1=" " ind2=" ">
<subfield code="a">OAW</subfield>
</datafield>
<datafield tag="070" ind1="b" ind2=" ">
<subfield code="a">OAW</subfield>
</datafield>
<datafield tag="076" ind1="s" ind2=" ">
<subfield code="a">54</subfield>
</datafield>
<datafield tag="100" ind1=" " ind2=" ">
<subfield code="4">egr</subfield>
<subfield code="9">(DE-588)100392660</subfield>
<subfield code="d">?-1641</subfield>
</datafield>
<datafield tag="100" ind1="1" ind2="#">
<subfield code="a">Ritter, Franz</subfield>
</datafield>
<datafield tag="245" ind1="0" ind2="0">
<subfield code="a">[Weltkarte]</subfield>
</datafield>
<datafield tag="255" ind1="#" ind2="#">
<subfield code="a">Maßstab variiert</subfield>
</datafield>
<datafield tag="264" ind1="#" ind2="1">
<subfield code="a">[Nürnberg]</subfield>
<subfield code="b">[Fürst, Paul?]</subfield>
<subfield code="c">1640</subfield>
</datafield>
<datafield tag="300" ind1="#" ind2="#">
<subfield code="a">1 Karte</subfield>
</datafield>
<datafield tag="359" ind1=" " ind2=" ">
<subfield code="a">Franciscus Ritter fac</subfield>
</datafield>
<datafield tag="425" ind1="a" ind2=" ">
<subfield code="a">1640</subfield>
</datafield>
<datafield tag="435" ind1=" " ind2=" ">
<subfield code="a">26 x 33 cm</subfield>
</datafield>
<datafield tag="439" ind1=" " ind2=" ">
<subfield code="d">Kupferstich</subfield>
</datafield>
<datafield tag="501" ind1=" " ind2=" ">
<subfield code="a">Projektion: gnomisch projizierte Weltkarte mit Nordpol als Projektionszentrum</subfield>
</datafield>
<datafield tag="530" ind1=" " ind2=" ">
<subfield code="a">Speculum solis, das ist: Sonnenspiegel</subfield>
<subfield code="p">Enthalten in</subfield>
</datafield>
<datafield tag="655" ind1="#" ind2="7">
<subfield code="a">Altkarte</subfield>
</datafield>
<datafield tag="902" ind1=" " ind2=" ">
<subfield code="9">(DE-588)4065368-7</subfield>
<subfield code="f">Altkarte</subfield>
<subfield code="s">Weltkarte</subfield>
</datafield>
</record>