
<record xmlns="http://www.loc.gov/MARC21/slim"
    xmlns:xsi="http://www.w3.org/2001/XMLSchema-instance"
    xsi:schemaLocation="http://www.loc.gov/MARC21/slim
    http://www.loc.gov/standards/marcxml/schema/MARC21slim.xsd">
<leader>     nM2.01200024      h</leader>
<controlfield tag="001">AC13304702</controlfield>
<controlfield tag="002">20160826</controlfield>
<controlfield tag="003">20161116</controlfield>
<controlfield tag="026">OBVAC13304702</controlfield>
<controlfield tag="030">a|1urr|||||17</controlfield>
<controlfield tag="050">||a|||||||a|||</controlfield>
<controlfield tag="051">m|||||||</controlfield>
<controlfield tag="FMT">MH</controlfield>
<controlfield tag="LDR">     nM2.01200024      h</controlfield>
<datafield tag="034" ind1="1" ind2="#">
<subfield code="2">bound</subfield>
<subfield code="a">a</subfield>
<subfield code="b">46800000</subfield>
<subfield code="d">W0331900</subfield>
<subfield code="e">W0240200</subfield>
<subfield code="f">N0722500</subfield>
<subfield code="g">S0630000</subfield>
</datafield>
<datafield tag="041" ind1="#" ind2="7">
<subfield code="a">eng</subfield>
</datafield>
<datafield tag="044" ind1="#" ind2="#">
<subfield code="c">XA-GB</subfield>
</datafield>
<datafield tag="060" ind1=" " ind2=" ">
<subfield code="b">cri</subfield>
</datafield>
<datafield tag="061" ind1=" " ind2=" ">
<subfield code="b">n</subfield>
</datafield>
<datafield tag="062" ind1=" " ind2=" ">
<subfield code="b">nb</subfield>
</datafield>
<datafield tag="064" ind1="a" ind2=" ">
<subfield code="9">(DE-588)4611904-8</subfield>
</datafield>
<datafield tag="070" ind1=" " ind2=" ">
<subfield code="a">OAW</subfield>
</datafield>
<datafield tag="070" ind1="b" ind2=" ">
<subfield code="a">OAW</subfield>
</datafield>
<datafield tag="076" ind1="f" ind2=" ">
<subfield code="a">Erfassung ONB-Karten</subfield>
</datafield>
<datafield tag="076" ind1="s" ind2=" ">
<subfield code="a">50</subfield>
</datafield>
<datafield tag="100" ind1=" " ind2=" ">
<subfield code="9">(DE-588)1089788312</subfield>
<subfield code="d">1725-1796</subfield>
</datafield>
<datafield tag="100" ind1="1" ind2="#">
<subfield code="a">Roberts, Henry</subfield>
</datafield>
<datafield tag="245" ind1="0" ind2="0">
<subfield code="a">&lt;&lt;A&gt;&gt; General Chart Exhibiting the Discoveries made by Capt.n James Cook in this and his two preciding Voyages</subfield>
</datafield>
<datafield tag="255" ind1="#" ind2="#">
<subfield code="a">Circa 1:46 800 000 am Äquator</subfield>
</datafield>
<datafield tag="264" ind1="#" ind2="1">
<subfield code="a">[London]</subfield>
<subfield code="b">[G. Nicol and T. Cadell]</subfield>
<subfield code="c">[1784]</subfield>
</datafield>
<datafield tag="300" ind1="#" ind2="#">
<subfield code="a">1 Karte auf 2 Blatt</subfield>
</datafield>
<datafield tag="335" ind1=" " ind2=" ">
<subfield code="a">with the Tracks of the Ships under his Command</subfield>
</datafield>
<datafield tag="359" ind1=" " ind2=" ">
<subfield code="a">By Lieut.t Roberts of His Majesty's Royal Navy ; Jn. Lodge sculp.</subfield>
</datafield>
<datafield tag="425" ind1="a" ind2=" ">
<subfield code="a">1784</subfield>
</datafield>
<datafield tag="434" ind1=" " ind2=" ">
<subfield code="a">schwarz-weiß</subfield>
</datafield>
<datafield tag="435" ind1=" " ind2=" ">
<subfield code="a">54 x 90 cm</subfield>
</datafield>
<datafield tag="439" ind1=" " ind2=" ">
<subfield code="d">Kupferstich</subfield>
</datafield>
<datafield tag="501" ind1=" " ind2=" ">
<subfield code="a">Sonstige Details: Exemplar ÖAW-Sammlung Woldan grenzkoloriert und mit Prägestempel</subfield>
</datafield>
<datafield tag="655" ind1="#" ind2="7">
<subfield code="a">Altkarte</subfield>
</datafield>
<datafield tag="677" ind1=" " ind2=" ">
<subfield code="9">(DE-588)129668400</subfield>
<subfield code="p">Lodge, John</subfield>
</datafield>
<datafield tag="700" ind1="1" ind2="#">
<subfield code="4">egr</subfield>
</datafield>
<datafield tag="902" ind1=" " ind2=" ">
<subfield code="9">(DE-588)4014842-7</subfield>
<subfield code="f">Altkarte</subfield>
<subfield code="s">Entdeckungsreise</subfield>
</datafield>
<datafield tag="904" ind1="a" ind2=" ">
<subfield code="a">ONBKRP</subfield>
</datafield>
</record>