
<record xmlns="http://www.loc.gov/MARC21/slim"
    xmlns:xsi="http://www.w3.org/2001/XMLSchema-instance"
    xsi:schemaLocation="http://www.loc.gov/MARC21/slim
    http://www.loc.gov/standards/marcxml/schema/MARC21slim.xsd">
<leader>00000nM2.01200024      h</leader>
<controlfield tag="001">AC12213379</controlfield>
<controlfield tag="002">20150313</controlfield>
<controlfield tag="003">20161116</controlfield>
<controlfield tag="026">OBVAC12213379</controlfield>
<controlfield tag="030">a|1urr|||||17</controlfield>
<controlfield tag="050">||a|||||||a|||</controlfield>
<controlfield tag="051">m|||||||</controlfield>
<controlfield tag="FMT">MH</controlfield>
<controlfield tag="LDR">00000nM2.01200024      h</controlfield>
<datafield tag="034" ind1="1" ind2="#">
<subfield code="2">bound</subfield>
<subfield code="a">a</subfield>
<subfield code="b">2600000</subfield>
<subfield code="d">W0043600</subfield>
<subfield code="e">E0095000</subfield>
<subfield code="f">N0515400</subfield>
<subfield code="g">N0420200</subfield>
</datafield>
<datafield tag="041" ind1="#" ind2="7">
<subfield code="a">fre</subfield>
</datafield>
<datafield tag="044" ind1="#" ind2="#">
<subfield code="c">XA-FR</subfield>
</datafield>
<datafield tag="060" ind1=" " ind2=" ">
<subfield code="b">cri</subfield>
</datafield>
<datafield tag="061" ind1=" " ind2=" ">
<subfield code="b">n</subfield>
</datafield>
<datafield tag="062" ind1=" " ind2=" ">
<subfield code="b">nb</subfield>
</datafield>
<datafield tag="064" ind1="a" ind2=" ">
<subfield code="9">(DE-588)4611904-8</subfield>
</datafield>
<datafield tag="070" ind1=" " ind2=" ">
<subfield code="a">OAW</subfield>
</datafield>
<datafield tag="070" ind1="b" ind2=" ">
<subfield code="a">OAW</subfield>
</datafield>
<datafield tag="076" ind1="s" ind2=" ">
<subfield code="a">54</subfield>
</datafield>
<datafield tag="100" ind1=" " ind2=" ">
<subfield code="4">ctg</subfield>
<subfield code="9">(DE-588)12360978X</subfield>
<subfield code="d">1600-1667</subfield>
</datafield>
<datafield tag="100" ind1="1" ind2="#">
<subfield code="a">Sanson, Nicolas</subfield>
</datafield>
<datafield tag="245" ind1="0" ind2="0">
<subfield code="a">Carte Geographicque des Postes qui traversent la France</subfield>
</datafield>
<datafield tag="255" ind1="#" ind2="#">
<subfield code="a">Circa 1:2 600 000</subfield>
</datafield>
<datafield tag="264" ind1="#" ind2="1">
<subfield code="a">Paris</subfield>
<subfield code="b">Par Melchior Tavernier</subfield>
<subfield code="c">1632</subfield>
</datafield>
<datafield tag="300" ind1="#" ind2="#">
<subfield code="a">1 Karte</subfield>
</datafield>
<datafield tag="335" ind1=" " ind2=" ">
<subfield code="a">Avec Privilege du Roy</subfield>
</datafield>
<datafield tag="359" ind1=" " ind2=" ">
<subfield code="a">Par Melchior Tavernier, Graveur et Imprimeur ordinaire du Roy (...)</subfield>
</datafield>
<datafield tag="425" ind1="a" ind2=" ">
<subfield code="a">1632</subfield>
</datafield>
<datafield tag="435" ind1=" " ind2=" ">
<subfield code="a">40 x 52 cm</subfield>
</datafield>
<datafield tag="439" ind1=" " ind2=" ">
<subfield code="d">Kupferstich</subfield>
</datafield>
<datafield tag="501" ind1=" " ind2=" ">
<subfield code="a">Erscheinungshinweise: Am rechten Kartenrand befindet sich ein Text an den Leser, unter anderem wird dabei auf "Sr. N. Sanson d'Abbeville" als Kartograph verwiesen</subfield>
</datafield>
<datafield tag="655" ind1="#" ind2="7">
<subfield code="a">Altkarte</subfield>
</datafield>
<datafield tag="677" ind1=" " ind2=" ">
<subfield code="9">(DE-588)18843917X</subfield>
<subfield code="d">1564-1641</subfield>
<subfield code="p">Tavernier, Melchior</subfield>
</datafield>
<datafield tag="700" ind1="1" ind2="#">
<subfield code="4">pbl</subfield>
</datafield>
<datafield tag="902" ind1=" " ind2=" ">
<subfield code="9">(DE-588)4263090-3</subfield>
<subfield code="f">Altkarte</subfield>
<subfield code="g">Frankreich</subfield>
<subfield code="s">Postroute</subfield>
</datafield>
<datafield tag="904" ind1="a" ind2=" ">
<subfield code="a">OAWKXA</subfield>
</datafield>
</record>