
<record xmlns="http://www.loc.gov/MARC21/slim"
    xmlns:xsi="http://www.w3.org/2001/XMLSchema-instance"
    xsi:schemaLocation="http://www.loc.gov/MARC21/slim
    http://www.loc.gov/standards/marcxml/schema/MARC21slim.xsd">
<leader>     nM2.01200024      u</leader>
<controlfield tag="001">AC12239832</controlfield>
<controlfield tag="002">20150409</controlfield>
<controlfield tag="003">20161116</controlfield>
<controlfield tag="030">a|1urr|||||||</controlfield>
<controlfield tag="050">||a|||||||a|||</controlfield>
<controlfield tag="051">a|||||||</controlfield>
<controlfield tag="FMT">MU</controlfield>
<controlfield tag="LDR">     nM2.01200024      u</controlfield>
<datafield tag="026" ind1=" " ind2=" ">
<subfield code="a">OBVAC12239832</subfield>
</datafield>
<datafield tag="060" ind1=" " ind2=" ">
<subfield code="b">txt</subfield>
</datafield>
<datafield tag="061" ind1=" " ind2=" ">
<subfield code="b">n</subfield>
</datafield>
<datafield tag="062" ind1=" " ind2=" ">
<subfield code="b">nb</subfield>
</datafield>
<datafield tag="064" ind1="a" ind2=" ">
<subfield code="9">(DE-588)4611904-8</subfield>
</datafield>
<datafield tag="070" ind1=" " ind2=" ">
<subfield code="a">OAW</subfield>
</datafield>
<datafield tag="070" ind1="b" ind2=" ">
<subfield code="a">OAW</subfield>
</datafield>
<datafield tag="076" ind1="s" ind2=" ">
<subfield code="a">50</subfield>
</datafield>
<datafield tag="245" ind1="0" ind2="0">
<subfield code="a">[Skelett für die Zusammenstellung der Blätter der Generalkarte von Europa]</subfield>
<subfield code="n">26</subfield>
</datafield>
<datafield tag="264" ind1="#" ind2="1">
<subfield code="a">Wien</subfield>
<subfield code="b">Artaria</subfield>
<subfield code="c">1872</subfield>
</datafield>
<datafield tag="300" ind1="#" ind2="#">
<subfield code="a">1 Karte</subfield>
</datafield>
<datafield tag="425" ind1="a" ind2=" ">
<subfield code="a">1872</subfield>
</datafield>
<datafield tag="501" ind1=" " ind2=" ">
<subfield code="a">Titel fingiert</subfield>
</datafield>
<datafield tag="655" ind1="#" ind2="7">
<subfield code="a">Altkarte</subfield>
</datafield>
<datafield tag="773" ind1="0" ind2="#">
<subfield code="q">26</subfield>
</datafield>
<datafield tag="773" ind1="9" ind2="#">
<subfield code="w">AC03745321</subfield>
</datafield>
</record>