
<record xmlns="http://www.loc.gov/MARC21/slim"
    xmlns:xsi="http://www.w3.org/2001/XMLSchema-instance"
    xsi:schemaLocation="http://www.loc.gov/MARC21/slim
    http://www.loc.gov/standards/marcxml/schema/MARC21slim.xsd">
<leader>     nM2.01200024      h</leader>
<controlfield tag="001">AC03745321</controlfield>
<controlfield tag="002">20030613</controlfield>
<controlfield tag="003">20161116</controlfield>
<controlfield tag="026">OBVAC03745321</controlfield>
<controlfield tag="030">a|1urr|||||17</controlfield>
<controlfield tag="050">||a|||||||a|||</controlfield>
<controlfield tag="051">n|||||||</controlfield>
<controlfield tag="FMT">MH</controlfield>
<controlfield tag="LDR">     nM2.01200024      h</controlfield>
<datafield tag="034" ind1="1" ind2="#">
<subfield code="2">bound</subfield>
<subfield code="a">a</subfield>
<subfield code="b">2592000</subfield>
<subfield code="d">W0274100</subfield>
<subfield code="e">E0534400</subfield>
<subfield code="f">N0712100</subfield>
<subfield code="g">N0300100</subfield>
</datafield>
<datafield tag="041" ind1="#" ind2="7">
<subfield code="a">ger</subfield>
</datafield>
<datafield tag="044" ind1="#" ind2="#">
<subfield code="c">XA-AAAT</subfield>
</datafield>
<datafield tag="060" ind1=" " ind2=" ">
<subfield code="b">cri</subfield>
</datafield>
<datafield tag="061" ind1=" " ind2=" ">
<subfield code="b">n</subfield>
</datafield>
<datafield tag="062" ind1=" " ind2=" ">
<subfield code="b">nb</subfield>
</datafield>
<datafield tag="064" ind1="a" ind2=" ">
<subfield code="9">(DE-588)4611904-8</subfield>
</datafield>
<datafield tag="070" ind1=" " ind2=" ">
<subfield code="a">OAW</subfield>
</datafield>
<datafield tag="070" ind1="b" ind2=" ">
<subfield code="a">OAW</subfield>
</datafield>
<datafield tag="076" ind1="s" ind2=" ">
<subfield code="a">54</subfield>
</datafield>
<datafield tag="100" ind1=" " ind2=" ">
<subfield code="4">ctg</subfield>
<subfield code="9">(DE-588)117620335</subfield>
<subfield code="d">1815-1888</subfield>
</datafield>
<datafield tag="100" ind1="1" ind2="#">
<subfield code="a">Scheda, Joseph &lt;&lt;von&gt;&gt;</subfield>
</datafield>
<datafield tag="245" ind1="0" ind2="0">
<subfield code="a">General-Karte von Europa in 25 Blättern</subfield>
</datafield>
<datafield tag="250" ind1="#" ind2="#">
<subfield code="a">Neueste Auflage mit besonderer Berücksichtigung der Eisenbahnen</subfield>
</datafield>
<datafield tag="255" ind1="#" ind2="#">
<subfield code="a">1:2 592 000</subfield>
</datafield>
<datafield tag="264" ind1="#" ind2="1">
<subfield code="a">Wien</subfield>
<subfield code="b">Artaria</subfield>
<subfield code="c">1872</subfield>
</datafield>
<datafield tag="300" ind1="#" ind2="#">
<subfield code="a">1 Karte auf 25 Blätter</subfield>
</datafield>
<datafield tag="359" ind1=" " ind2=" ">
<subfield code="a">entworfen und bearbeitet von Josef Ritter von Scheda</subfield>
</datafield>
<datafield tag="425" ind1="b" ind2=" ">
<subfield code="a">1872</subfield>
</datafield>
<datafield tag="425" ind1="c" ind2=" ">
<subfield code="a">1872</subfield>
</datafield>
<datafield tag="434" ind1=" " ind2=" ">
<subfield code="a">farbig</subfield>
</datafield>
<datafield tag="435" ind1=" " ind2=" ">
<subfield code="a">185 x 227 cm, Blätter 40 x 50 cm</subfield>
</datafield>
<datafield tag="437" ind1=" " ind2=" ">
<subfield code="a">Übersichtsblatt</subfield>
</datafield>
<datafield tag="439" ind1=" " ind2=" ">
<subfield code="d">Farblithographie</subfield>
</datafield>
<datafield tag="501" ind1=" " ind2=" ">
<subfield code="a">Nullmeridian: Paris</subfield>
</datafield>
<datafield tag="655" ind1="#" ind2="7">
<subfield code="a">Altkarte</subfield>
</datafield>
<datafield tag="677" ind1=" " ind2=" ">
<subfield code="9">(DE-588)2030321-X</subfield>
<subfield code="h">Wien</subfield>
<subfield code="k">Artaria und Compagnie</subfield>
</datafield>
<datafield tag="700" ind1="1" ind2="#">
<subfield code="4">pbl</subfield>
</datafield>
</record>