
<record xmlns="http://www.loc.gov/MARC21/slim"
    xmlns:xsi="http://www.w3.org/2001/XMLSchema-instance"
    xsi:schemaLocation="http://www.loc.gov/MARC21/slim
    http://www.loc.gov/standards/marcxml/schema/MARC21slim.xsd">
<leader>     nM2.01200024      h</leader>
<controlfield tag="001">AC04038754</controlfield>
<controlfield tag="002">20040317</controlfield>
<controlfield tag="003">20161116</controlfield>
<controlfield tag="026">OBVAC04038754</controlfield>
<controlfield tag="030">a|1urr|||||17</controlfield>
<controlfield tag="050">||a|||||||a|||</controlfield>
<controlfield tag="051">m||||||</controlfield>
<controlfield tag="FMT">MH</controlfield>
<controlfield tag="LDR">     nM2.01200024      h</controlfield>
<datafield tag="034" ind1="1" ind2="#">
<subfield code="2">bound</subfield>
<subfield code="a">a</subfield>
<subfield code="b">140000</subfield>
<subfield code="d">E0141200</subfield>
<subfield code="e">E0143600</subfield>
<subfield code="f">N0490100</subfield>
<subfield code="g">N0481400</subfield>
</datafield>
<datafield tag="041" ind1="#" ind2="7">
<subfield code="a">ger</subfield>
</datafield>
<datafield tag="044" ind1="#" ind2="#">
<subfield code="c">XA-AAAT</subfield>
</datafield>
<datafield tag="060" ind1=" " ind2=" ">
<subfield code="b">cri</subfield>
</datafield>
<datafield tag="061" ind1=" " ind2=" ">
<subfield code="b">n</subfield>
</datafield>
<datafield tag="062" ind1=" " ind2=" ">
<subfield code="b">nb</subfield>
</datafield>
<datafield tag="064" ind1="a" ind2=" ">
<subfield code="9">(DE-588)4611904-8</subfield>
</datafield>
<datafield tag="070" ind1=" " ind2=" ">
<subfield code="a">OAW</subfield>
</datafield>
<datafield tag="070" ind1="b" ind2=" ">
<subfield code="a">OAW</subfield>
</datafield>
<datafield tag="076" ind1="s" ind2=" ">
<subfield code="a">50</subfield>
</datafield>
<datafield tag="100" ind1=" " ind2=" ">
<subfield code="4">edt</subfield>
<subfield code="9">(DE-588)130476838</subfield>
<subfield code="d">1807-1881</subfield>
</datafield>
<datafield tag="100" ind1="1" ind2="#">
<subfield code="a">Schönerer, Mathias &lt;&lt;von&gt;&gt;</subfield>
</datafield>
<datafield tag="245" ind1="0" ind2="0">
<subfield code="a">Karte Der Eisenbahn Zwischen Budweis Und Linz Zur Verbindung Der Donau Mit Der Moldau</subfield>
</datafield>
<datafield tag="255" ind1="#" ind2="#">
<subfield code="a">Circa 1:140 000</subfield>
</datafield>
<datafield tag="264" ind1="#" ind2="1">
<subfield code="a">[Wien]</subfield>
<subfield code="b">Gedruckt bey Mansfeld et Comp.</subfield>
<subfield code="c">[nicht vor 1832]</subfield>
</datafield>
<datafield tag="300" ind1="#" ind2="#">
<subfield code="a">1 Karte</subfield>
</datafield>
<datafield tag="359" ind1=" " ind2=" ">
<subfield code="a">Herausgegeben vom Bauführer M. Schönerer ; Lithographirt von Franz Weiss</subfield>
</datafield>
<datafield tag="425" ind1="a" ind2=" ">
<subfield code="a">1832</subfield>
</datafield>
<datafield tag="435" ind1=" " ind2=" ">
<subfield code="a">17 x 56 cm, auf Blatt 42 x 60 cm</subfield>
</datafield>
<datafield tag="439" ind1=" " ind2=" ">
<subfield code="d">Lithografie</subfield>
</datafield>
<datafield tag="501" ind1=" " ind2=" ">
<subfield code="a">Ausrichtung: Ost</subfield>
</datafield>
<datafield tag="655" ind1="#" ind2="7">
<subfield code="a">Altkarte</subfield>
</datafield>
<datafield tag="677" ind1=" " ind2=" ">
<subfield code="9">(DE-588)130490431</subfield>
<subfield code="d">1791-1858</subfield>
<subfield code="p">Weiss, Franz &lt;&lt;von&gt;&gt;</subfield>
</datafield>
<datafield tag="700" ind1="1" ind2="#">
<subfield code="4">ltg</subfield>
</datafield>
<datafield tag="902" ind1=" " ind2=" ">
<subfield code="9">(DE-588)4074255-6</subfield>
<subfield code="f">Karte</subfield>
<subfield code="g">Linz</subfield>
<subfield code="s">Pferdebahn</subfield>
</datafield>
<datafield tag="904" ind1="a" ind2=" ">
<subfield code="a">OAW</subfield>
</datafield>
</record>