
<record xmlns="http://www.loc.gov/MARC21/slim"
    xmlns:xsi="http://www.w3.org/2001/XMLSchema-instance"
    xsi:schemaLocation="http://www.loc.gov/MARC21/slim
    http://www.loc.gov/standards/marcxml/schema/MARC21slim.xsd">
<leader>     nM2.01200024      h</leader>
<controlfield tag="001">AC04043529</controlfield>
<controlfield tag="002">20040322</controlfield>
<controlfield tag="003">20161116</controlfield>
<controlfield tag="026">OBVAC04043529</controlfield>
<controlfield tag="030">a|1urr|||||17</controlfield>
<controlfield tag="050">||a|||||||a|||</controlfield>
<controlfield tag="051">m||||||</controlfield>
<controlfield tag="FMT">MH</controlfield>
<controlfield tag="LDR">     nM2.01200024      h</controlfield>
<datafield tag="034" ind1="1" ind2="#">
<subfield code="2">bound</subfield>
<subfield code="a">a</subfield>
<subfield code="b">432000</subfield>
<subfield code="d">E0154200</subfield>
<subfield code="e">E0175000</subfield>
<subfield code="f">N0481600</subfield>
<subfield code="g">N0473200</subfield>
</datafield>
<datafield tag="041" ind1="#" ind2="7">
<subfield code="a">ger</subfield>
</datafield>
<datafield tag="044" ind1="#" ind2="#">
<subfield code="c">XA-AAAT</subfield>
</datafield>
<datafield tag="060" ind1=" " ind2=" ">
<subfield code="b">cri</subfield>
</datafield>
<datafield tag="061" ind1=" " ind2=" ">
<subfield code="b">n</subfield>
</datafield>
<datafield tag="062" ind1=" " ind2=" ">
<subfield code="b">nb</subfield>
</datafield>
<datafield tag="064" ind1="a" ind2=" ">
<subfield code="9">(DE-588)4611904-8</subfield>
</datafield>
<datafield tag="070" ind1=" " ind2=" ">
<subfield code="a">OAW</subfield>
</datafield>
<datafield tag="070" ind1="b" ind2=" ">
<subfield code="a">OAW</subfield>
</datafield>
<datafield tag="076" ind1="s" ind2=" ">
<subfield code="a">50</subfield>
</datafield>
<datafield tag="100" ind1=" " ind2=" ">
<subfield code="4">edt</subfield>
<subfield code="9">(DE-588)130476838</subfield>
<subfield code="d">1807-1881</subfield>
</datafield>
<datafield tag="100" ind1="1" ind2="#">
<subfield code="a">Schönerer, Mathias &lt;&lt;von&gt;&gt;</subfield>
</datafield>
<datafield tag="245" ind1="0" ind2="0">
<subfield code="a">Uibersichts Karte der projectirten Tracen, der Wien-Raaber Eisenbahn sammt Nebenzweigen</subfield>
</datafield>
<datafield tag="255" ind1="#" ind2="#">
<subfield code="a">1:432 000</subfield>
</datafield>
<datafield tag="264" ind1="#" ind2="1">
<subfield code="a">Wien</subfield>
<subfield code="b">[kein Verlag ermittelbar]</subfield>
<subfield code="c">1838</subfield>
</datafield>
<datafield tag="300" ind1="#" ind2="#">
<subfield code="a">1 Karte</subfield>
</datafield>
<datafield tag="335" ind1=" " ind2=" ">
<subfield code="a">Übersichtskarte der projektierten Trassen, der Wien-Raaber Eisenbahn samt Nebenzweigen</subfield>
</datafield>
<datafield tag="359" ind1=" " ind2=" ">
<subfield code="a">In der Ausführung begriffen unter der Leitung des Civil Ingenieurs M. Schönerer</subfield>
</datafield>
<datafield tag="425" ind1="a" ind2=" ">
<subfield code="a">1838</subfield>
</datafield>
<datafield tag="435" ind1=" " ind2=" ">
<subfield code="a">17,5 x 35,5 cm</subfield>
</datafield>
<datafield tag="439" ind1=" " ind2=" ">
<subfield code="d">Lithographie</subfield>
</datafield>
<datafield tag="501" ind1=" " ind2=" ">
<subfield code="a">Details zu Maßstabsangaben: Maßstab in graphischer Form, "öst: Meilen" und "Klafter"</subfield>
</datafield>
<datafield tag="655" ind1="#" ind2="7">
<subfield code="a">Altkarte</subfield>
</datafield>
<datafield tag="902" ind1=" " ind2=" ">
<subfield code="9">(DE-588)4014038-6</subfield>
<subfield code="f">Altkarte</subfield>
<subfield code="g">Transdanubien</subfield>
<subfield code="s">Eisenbahnlinie</subfield>
</datafield>
<datafield tag="904" ind1="a" ind2=" ">
<subfield code="a">ONBKRP</subfield>
</datafield>
</record>