
<record xmlns="http://www.loc.gov/MARC21/slim"
    xmlns:xsi="http://www.w3.org/2001/XMLSchema-instance"
    xsi:schemaLocation="http://www.loc.gov/MARC21/slim
    http://www.loc.gov/standards/marcxml/schema/MARC21slim.xsd">
<leader>00000nM2.01200024      h</leader>
<controlfield tag="001">AC09401696</controlfield>
<controlfield tag="002">20120718</controlfield>
<controlfield tag="003">20161116</controlfield>
<controlfield tag="026">OBVAC09401696</controlfield>
<controlfield tag="030">a|1urr|||||17</controlfield>
<controlfield tag="050">||a|||||||a|||</controlfield>
<controlfield tag="051">n|||||||</controlfield>
<controlfield tag="FMT">MH</controlfield>
<controlfield tag="LDR">00000nM2.01200024      h</controlfield>
<datafield tag="041" ind1="#" ind2="7">
<subfield code="a">lat</subfield>
</datafield>
<datafield tag="044" ind1="#" ind2="#">
<subfield code="c">XA-DXDE</subfield>
</datafield>
<datafield tag="060" ind1=" " ind2=" ">
<subfield code="b">cri</subfield>
</datafield>
<datafield tag="061" ind1=" " ind2=" ">
<subfield code="b">n</subfield>
</datafield>
<datafield tag="062" ind1=" " ind2=" ">
<subfield code="b">no</subfield>
</datafield>
<datafield tag="064" ind1="a" ind2=" ">
<subfield code="9">(DE-588)4611904-8</subfield>
</datafield>
<datafield tag="070" ind1=" " ind2=" ">
<subfield code="a">OAW</subfield>
</datafield>
<datafield tag="070" ind1="b" ind2=" ">
<subfield code="a">OAW</subfield>
</datafield>
<datafield tag="076" ind1="s" ind2=" ">
<subfield code="a">54</subfield>
</datafield>
<datafield tag="100" ind1=" " ind2=" ">
<subfield code="9">(DE-588)118613537</subfield>
<subfield code="d">1678-1757</subfield>
</datafield>
<datafield tag="100" ind1="1" ind2="#">
<subfield code="a">Seutter, Matthäus</subfield>
</datafield>
<datafield tag="104" ind1="b" ind2=" ">
<subfield code="4">ctg</subfield>
<subfield code="9">(DE-588)103748822</subfield>
<subfield code="d">1722-1762</subfield>
<subfield code="p">Seutter, Albrecht Carl</subfield>
</datafield>
<datafield tag="245" ind1="0" ind2="0">
<subfield code="a">Accurata Globi Terrestris</subfield>
</datafield>
<datafield tag="264" ind1="#" ind2="1">
<subfield code="a">Augsburg</subfield>
<subfield code="b">Anjezo im Verlag bey Tobias Conrad Lotter</subfield>
<subfield code="c">[1750?]</subfield>
</datafield>
<datafield tag="300" ind1="#" ind2="#">
<subfield code="a">6 ungezählte Blätter</subfield>
</datafield>
<datafield tag="335" ind1=" " ind2=" ">
<subfield code="a">delineatio qua Europa, Asia, Africa et America una cum Oceanis et maribus continentur</subfield>
</datafield>
<datafield tag="359" ind1=" " ind2=" ">
<subfield code="a">in lucem prodiit opera Matth. Seutter ; A.C. Seutter, delin.</subfield>
</datafield>
<datafield tag="425" ind1="a" ind2=" ">
<subfield code="a">1750</subfield>
</datafield>
<datafield tag="434" ind1=" " ind2=" ">
<subfield code="a">6 Karten</subfield>
</datafield>
<datafield tag="435" ind1=" " ind2=" ">
<subfield code="a">11 cm, Blattgröße 19 x 26 cm</subfield>
</datafield>
<datafield tag="655" ind1="#" ind2="7">
<subfield code="a">Altkarte</subfield>
</datafield>
<datafield tag="677" ind1=" " ind2=" ">
<subfield code="9">(DE-588)123382432</subfield>
<subfield code="d">1717-1777</subfield>
<subfield code="p">Lotter, Tobias Conrad</subfield>
</datafield>
<datafield tag="700" ind1="1" ind2="#">
<subfield code="4">pbl</subfield>
</datafield>
</record>