
<record xmlns="http://www.loc.gov/MARC21/slim"
    xmlns:xsi="http://www.w3.org/2001/XMLSchema-instance"
    xsi:schemaLocation="http://www.loc.gov/MARC21/slim
    http://www.loc.gov/standards/marcxml/schema/MARC21slim.xsd">
<leader>00000nM2.01000024      h</leader>
<controlfield tag="001">AC12708594</controlfield>
<controlfield tag="002">20151209</controlfield>
<controlfield tag="003">20161116</controlfield>
<controlfield tag="026">OBVAC12708594</controlfield>
<controlfield tag="030">a|1urr|||||17</controlfield>
<controlfield tag="050">a|a|||||||||||</controlfield>
<controlfield tag="051">s|||||||</controlfield>
<controlfield tag="FMT">MH</controlfield>
<controlfield tag="LDR">00000nM2.01000024      h</controlfield>
<datafield tag="034" ind1="1" ind2="#">
<subfield code="2">bound</subfield>
<subfield code="a">a</subfield>
<subfield code="b">50000000</subfield>
<subfield code="d">W0214900</subfield>
<subfield code="e">E0531200</subfield>
<subfield code="f">N0393300</subfield>
<subfield code="g">S0381700</subfield>
</datafield>
<datafield tag="041" ind1="#" ind2="7">
<subfield code="a">lat</subfield>
</datafield>
<datafield tag="044" ind1="#" ind2="#">
<subfield code="c">XA-DXDE</subfield>
</datafield>
<datafield tag="060" ind1=" " ind2=" ">
<subfield code="b">cri</subfield>
</datafield>
<datafield tag="061" ind1=" " ind2=" ">
<subfield code="b">n</subfield>
</datafield>
<datafield tag="062" ind1=" " ind2=" ">
<subfield code="b">nb</subfield>
</datafield>
<datafield tag="064" ind1="a" ind2=" ">
<subfield code="9">(DE-588)4611904-8</subfield>
</datafield>
<datafield tag="070" ind1=" " ind2=" ">
<subfield code="a">OAW</subfield>
</datafield>
<datafield tag="070" ind1="b" ind2=" ">
<subfield code="a">OAW</subfield>
</datafield>
<datafield tag="076" ind1="s" ind2=" ">
<subfield code="a">54</subfield>
</datafield>
<datafield tag="100" ind1=" " ind2=" ">
<subfield code="9">(DE-588)118613537</subfield>
<subfield code="d">1678-1757</subfield>
</datafield>
<datafield tag="100" ind1="1" ind2="#">
<subfield code="a">Seutter, Matthäus</subfield>
</datafield>
<datafield tag="104" ind1="a" ind2=" ">
<subfield code="4">ctg</subfield>
<subfield code="9">(DE-588)186746016</subfield>
<subfield code="p">Seutter, Albrecht Carl</subfield>
</datafield>
<datafield tag="245" ind1="0" ind2="0">
<subfield code="a">Africa</subfield>
</datafield>
<datafield tag="255" ind1="#" ind2="#">
<subfield code="a">Circa 1:50 000 000</subfield>
</datafield>
<datafield tag="264" ind1="#" ind2="1">
<subfield code="a">Augsburg</subfield>
<subfield code="b">Anjezo im Verlag bey Tobias Conrad Lotter</subfield>
<subfield code="c">[1750?]</subfield>
</datafield>
<datafield tag="300" ind1="#" ind2="#">
<subfield code="a">1 Karte</subfield>
</datafield>
<datafield tag="335" ind1=" " ind2=" ">
<subfield code="a">juxta navigationes et observat</subfield>
</datafield>
<datafield tag="359" ind1=" " ind2=" ">
<subfield code="a">recentissimas aucta correcta et in sua Regna et Status divisa in lucem edita à Matth. Seutt: S.C.M. Geogr. Aug. V. ; A.C. Seutter, delin. ; Tob. Conr. Lotter sc.</subfield>
</datafield>
<datafield tag="425" ind1="a" ind2=" ">
<subfield code="a">1750</subfield>
</datafield>
<datafield tag="435" ind1=" " ind2=" ">
<subfield code="a">19 x 26 cm</subfield>
</datafield>
<datafield tag="439" ind1=" " ind2=" ">
<subfield code="d">Kupferstich</subfield>
</datafield>
<datafield tag="451" ind1=" " ind2=" ">
<subfield code="a">Accurata Globi Terrestris</subfield>
<subfield code="v">[4]</subfield>
</datafield>
<datafield tag="453" ind1="m" ind2=" ">
<subfield code="a">AC09401696</subfield>
</datafield>
<datafield tag="455" ind1=" " ind2=" ">
<subfield code="a">[4]</subfield>
</datafield>
<datafield tag="456" ind1=" " ind2=" ">
<subfield code="a">4</subfield>
</datafield>
<datafield tag="501" ind1=" " ind2=" ">
<subfield code="a">Anmerkungen zur Entstehungsangabe: Noch mit dem Hinweis auf Matthäus Seutter als geistigen Schöpfer</subfield>
</datafield>
<datafield tag="655" ind1="#" ind2="7">
<subfield code="a">Altkarte</subfield>
</datafield>
<datafield tag="677" ind1=" " ind2=" ">
<subfield code="9">(DE-588)123382432</subfield>
<subfield code="d">1717-1777</subfield>
<subfield code="p">Lotter, Tobias Conrad</subfield>
</datafield>
<datafield tag="700" ind1="1" ind2="#">
<subfield code="4">pbl</subfield>
</datafield>
<datafield tag="902" ind1=" " ind2=" ">
<subfield code="9">(DE-588)4000695-5</subfield>
<subfield code="a">Altkarte</subfield>
<subfield code="g">Afrika</subfield>
</datafield>
<datafield tag="904" ind1="a" ind2=" ">
<subfield code="a">OAWKXA</subfield>
</datafield>
</record>