
<record xmlns="http://www.loc.gov/MARC21/slim"
    xmlns:xsi="http://www.w3.org/2001/XMLSchema-instance"
    xsi:schemaLocation="http://www.loc.gov/MARC21/slim
    http://www.loc.gov/standards/marcxml/schema/MARC21slim.xsd">
<leader>00000nM2.01000024      h</leader>
<controlfield tag="001">AC12706488</controlfield>
<controlfield tag="002">20151204</controlfield>
<controlfield tag="003">20161116</controlfield>
<controlfield tag="026">OBVAC12706488</controlfield>
<controlfield tag="030">a|1urr|||||17</controlfield>
<controlfield tag="050">a|a|||||||||||</controlfield>
<controlfield tag="051">s|||||||</controlfield>
<controlfield tag="FMT">MH</controlfield>
<controlfield tag="LDR">00000nM2.01000024      h</controlfield>
<datafield tag="034" ind1="1" ind2="#">
<subfield code="2">bound</subfield>
<subfield code="a">a</subfield>
<subfield code="b">150000000</subfield>
<subfield code="d">W1800000</subfield>
<subfield code="e">E1800000</subfield>
<subfield code="f">N0900000</subfield>
<subfield code="g">S0900000</subfield>
</datafield>
<datafield tag="041" ind1="#" ind2="7">
<subfield code="a">lat</subfield>
</datafield>
<datafield tag="044" ind1="#" ind2="#">
<subfield code="c">XA-DXDE</subfield>
</datafield>
<datafield tag="060" ind1=" " ind2=" ">
<subfield code="b">cri</subfield>
</datafield>
<datafield tag="061" ind1=" " ind2=" ">
<subfield code="b">n</subfield>
</datafield>
<datafield tag="062" ind1=" " ind2=" ">
<subfield code="b">nb</subfield>
</datafield>
<datafield tag="064" ind1="a" ind2=" ">
<subfield code="9">(DE-588)4065368-7</subfield>
</datafield>
<datafield tag="070" ind1=" " ind2=" ">
<subfield code="a">OAW</subfield>
</datafield>
<datafield tag="070" ind1="b" ind2=" ">
<subfield code="a">OAW</subfield>
</datafield>
<datafield tag="076" ind1="s" ind2=" ">
<subfield code="a">54</subfield>
</datafield>
<datafield tag="100" ind1=" " ind2=" ">
<subfield code="9">(DE-588)118613537</subfield>
<subfield code="d">1678-1757</subfield>
</datafield>
<datafield tag="100" ind1="1" ind2="#">
<subfield code="a">Seutter, Matthäus</subfield>
</datafield>
<datafield tag="104" ind1="a" ind2=" ">
<subfield code="4">ctg</subfield>
<subfield code="9">(DE-588)103748822</subfield>
<subfield code="d">1722-1762</subfield>
<subfield code="p">Seutter, Albrecht Carl</subfield>
</datafield>
<datafield tag="245" ind1="0" ind2="0">
<subfield code="a">Diversi Globi Terr-Aquei</subfield>
</datafield>
<datafield tag="255" ind1="#" ind2="#">
<subfield code="a">Circa 1:150 000 000</subfield>
</datafield>
<datafield tag="264" ind1="#" ind2="1">
<subfield code="a">Augsburg</subfield>
<subfield code="b">Anjezo im Verlag bey Tobias Conrad Lotter</subfield>
<subfield code="c">[1750?]</subfield>
</datafield>
<datafield tag="300" ind1="#" ind2="#">
<subfield code="a">1 Karte</subfield>
</datafield>
<datafield tag="335" ind1=" " ind2=" ">
<subfield code="a">Statione Variante Et Visu Interdendente, Per Coluros Tropicorum, Per Ambos Polos Et Particul. Sphæræ Zenith In Planum Delineati Orthographici Prospectus; Quibus Additæ Pro Mutatione Horizontis Differentes Sphæræ Positiones Earumque Mutua Cum Circ. Cœlestib Convenientia et Relatio; AugustæVindelicor.</subfield>
</datafield>
<datafield tag="359" ind1=" " ind2=" ">
<subfield code="a">Cura et Studio Matth. Seutteri, S.C.M. Geogr. C. Privil S.R.I. Vicariat.; A.C. Seutter, delin. ; Andr. Silbereisen sculps.</subfield>
</datafield>
<datafield tag="425" ind1="a" ind2=" ">
<subfield code="a">1750</subfield>
</datafield>
<datafield tag="435" ind1=" " ind2=" ">
<subfield code="a">19 x 26 cm</subfield>
</datafield>
<datafield tag="439" ind1=" " ind2=" ">
<subfield code="d">Kupferstich</subfield>
</datafield>
<datafield tag="451" ind1=" " ind2=" ">
<subfield code="a">Accurata Globi Terrestris</subfield>
<subfield code="v">[1]</subfield>
</datafield>
<datafield tag="453" ind1="m" ind2=" ">
<subfield code="a">AC09401696</subfield>
</datafield>
<datafield tag="455" ind1=" " ind2=" ">
<subfield code="a">[1]</subfield>
</datafield>
<datafield tag="456" ind1=" " ind2=" ">
<subfield code="a">1</subfield>
</datafield>
<datafield tag="501" ind1=" " ind2=" ">
<subfield code="a">Anmerkungen zur Entstehungsangabe: Noch mit dem Hinweis auf Matthäus Seutter als geistigen Schöpfer.</subfield>
</datafield>
<datafield tag="655" ind1="#" ind2="7">
<subfield code="a">Weltkarte</subfield>
</datafield>
<datafield tag="677" ind1=" " ind2=" ">
<subfield code="9">(DE-588)1083807021</subfield>
<subfield code="d">1713-1757</subfield>
<subfield code="p">Silbereisen, Andreas</subfield>
</datafield>
<datafield tag="700" ind1="1" ind2="#">
<subfield code="4">egr</subfield>
</datafield>
<datafield tag="902" ind1=" " ind2=" ">
<subfield code="9">(DE-588)4746879-8</subfield>
<subfield code="a">Altkarte</subfield>
<subfield code="s">Planiglob</subfield>
</datafield>
<datafield tag="904" ind1="a" ind2=" ">
<subfield code="a">OAWKXA</subfield>
</datafield>
</record>