
<record xmlns="http://www.loc.gov/MARC21/slim"
    xmlns:xsi="http://www.w3.org/2001/XMLSchema-instance"
    xsi:schemaLocation="http://www.loc.gov/MARC21/slim
    http://www.loc.gov/standards/marcxml/schema/MARC21slim.xsd">
<leader>00000nM2.01200024      h</leader>
<controlfield tag="001">AC12694716</controlfield>
<controlfield tag="002">20151124</controlfield>
<controlfield tag="003">20161116</controlfield>
<controlfield tag="026">OBVAC12694716</controlfield>
<controlfield tag="030">a|1urr|||||17</controlfield>
<controlfield tag="050">||a|||||||a|||</controlfield>
<controlfield tag="051">m|||||||</controlfield>
<controlfield tag="FMT">MH</controlfield>
<controlfield tag="LDR">00000nM2.01200024      h</controlfield>
<datafield tag="034" ind1="1" ind2="#">
<subfield code="2">bound</subfield>
<subfield code="a">a</subfield>
<subfield code="b">2300000</subfield>
<subfield code="d">W0781300</subfield>
<subfield code="e">W0661600</subfield>
<subfield code="f">N0443000</subfield>
<subfield code="g">N0362800</subfield>
</datafield>
<datafield tag="041" ind1="#" ind2="7">
<subfield code="a">lat</subfield>
</datafield>
<datafield tag="044" ind1="#" ind2="#">
<subfield code="c">XA-DXDE</subfield>
</datafield>
<datafield tag="060" ind1=" " ind2=" ">
<subfield code="b">cri</subfield>
</datafield>
<datafield tag="061" ind1=" " ind2=" ">
<subfield code="b">n</subfield>
</datafield>
<datafield tag="062" ind1=" " ind2=" ">
<subfield code="b">nb</subfield>
</datafield>
<datafield tag="064" ind1="a" ind2=" ">
<subfield code="9">(DE-588)4611904-8</subfield>
</datafield>
<datafield tag="070" ind1=" " ind2=" ">
<subfield code="a">OAW</subfield>
</datafield>
<datafield tag="070" ind1="b" ind2=" ">
<subfield code="a">OAW</subfield>
</datafield>
<datafield tag="076" ind1="s" ind2=" ">
<subfield code="a">54</subfield>
</datafield>
<datafield tag="100" ind1=" " ind2=" ">
<subfield code="4">ctg</subfield>
<subfield code="9">(DE-588)118613537</subfield>
<subfield code="d">1678-1757</subfield>
</datafield>
<datafield tag="100" ind1="1" ind2="#">
<subfield code="a">Seutter, Matthäus</subfield>
</datafield>
<datafield tag="245" ind1="0" ind2="0">
<subfield code="a">Recens Edita totius Novi Belgii, in America Septentrionali siti</subfield>
</datafield>
<datafield tag="255" ind1="#" ind2="#">
<subfield code="a">Circa 1:2 300 000</subfield>
</datafield>
<datafield tag="264" ind1="#" ind2="1">
<subfield code="a">Augustani</subfield>
<subfield code="b">cura et sumtibus Matthæi Seutteri</subfield>
<subfield code="c">[zwischen 1707 und 1727]</subfield>
</datafield>
<datafield tag="300" ind1="#" ind2="#">
<subfield code="a">1 Karte</subfield>
</datafield>
<datafield tag="359" ind1=" " ind2=" ">
<subfield code="a">delineatio cura et sumtibus Matthæi Seutteri, Chalcographi Augustani</subfield>
</datafield>
<datafield tag="425" ind1="a" ind2=" ">
<subfield code="a">1707</subfield>
</datafield>
<datafield tag="435" ind1=" " ind2=" ">
<subfield code="a">49 x 57 cm</subfield>
</datafield>
<datafield tag="439" ind1=" " ind2=" ">
<subfield code="d">Kupferstich</subfield>
</datafield>
<datafield tag="501" ind1=" " ind2=" ">
<subfield code="a">Sonstige Details: Exemplar ÖAW-Sammlung Woldan flächenkoloriert</subfield>
</datafield>
<datafield tag="655" ind1="#" ind2="7">
<subfield code="a">Altkarte</subfield>
</datafield>
<datafield tag="676" ind1=" " ind2=" ">
<subfield code="9">(DE-588)4003614-5</subfield>
<subfield code="g">Augsburg</subfield>
</datafield>
<datafield tag="677" ind1=" " ind2=" ">
<subfield code="9">(DE-588)118613537</subfield>
<subfield code="d">1678-1757</subfield>
<subfield code="p">Seutter, Matthäus</subfield>
</datafield>
<datafield tag="700" ind1="1" ind2="#">
<subfield code="4">egr</subfield>
</datafield>
</record>