
<record xmlns="http://www.loc.gov/MARC21/slim"
    xmlns:xsi="http://www.w3.org/2001/XMLSchema-instance"
    xsi:schemaLocation="http://www.loc.gov/MARC21/slim
    http://www.loc.gov/standards/marcxml/schema/MARC21slim.xsd">
<leader>00868nM2.01200024      h</leader>
<controlfield tag="001">AC08770684</controlfield>
<controlfield tag="002">20111005</controlfield>
<controlfield tag="003">20161116</controlfield>
<controlfield tag="026">112656064</controlfield>
<controlfield tag="030">a|1drzzz|||37</controlfield>
<controlfield tag="050">||a|||||||a|||</controlfield>
<controlfield tag="051">m|||||||</controlfield>
<controlfield tag="FMT">MH</controlfield>
<controlfield tag="LDR">00868nM2.01200024      h</controlfield>
<datafield tag="034" ind1="1" ind2="#">
<subfield code="2">bound</subfield>
<subfield code="a">a</subfield>
<subfield code="b">14000</subfield>
<subfield code="d">E1132509</subfield>
<subfield code="e">E1133748</subfield>
<subfield code="f">N0222004</subfield>
<subfield code="g">N0220203</subfield>
</datafield>
<datafield tag="041" ind1="#" ind2="7">
<subfield code="a">por</subfield>
</datafield>
<datafield tag="044" ind1="#" ind2="#">
<subfield code="c">XA-PT</subfield>
</datafield>
<datafield tag="060" ind1=" " ind2=" ">
<subfield code="b">cri</subfield>
</datafield>
<datafield tag="061" ind1=" " ind2=" ">
<subfield code="b">n</subfield>
</datafield>
<datafield tag="062" ind1=" " ind2=" ">
<subfield code="b">nb</subfield>
</datafield>
<datafield tag="064" ind1="a" ind2=" ">
<subfield code="9">(DE-588)4611904-8</subfield>
</datafield>
<datafield tag="070" ind1=" " ind2=" ">
<subfield code="a">OAW</subfield>
</datafield>
<datafield tag="070" ind1="a" ind2=" ">
<subfield code="a">BAY</subfield>
</datafield>
<datafield tag="070" ind1="b" ind2=" ">
<subfield code="a">OAW</subfield>
</datafield>
<datafield tag="076" ind1="s" ind2=" ">
<subfield code="a">50</subfield>
</datafield>
<datafield tag="100" ind1="b" ind2=" ">
<subfield code="4">edt</subfield>
<subfield code="9">(DE-588)118531956</subfield>
<subfield code="d">1590-1649</subfield>
<subfield code="p">Sousa, Manuel de Faria &lt;&lt;e&gt;&gt;</subfield>
</datafield>
<datafield tag="245" ind1="0" ind2="0">
<subfield code="a">Macao</subfield>
</datafield>
<datafield tag="255" ind1="#" ind2="#">
<subfield code="a">Circa 1:14 000</subfield>
</datafield>
<datafield tag="264" ind1="#" ind2="1">
<subfield code="a">[Lisboa]</subfield>
<subfield code="b">[Craesbeeck de Mello]</subfield>
<subfield code="c">[1675]</subfield>
</datafield>
<datafield tag="300" ind1="#" ind2="#">
<subfield code="a">1 Vogelschaubild</subfield>
</datafield>
<datafield tag="335" ind1=" " ind2=" ">
<subfield code="a">362</subfield>
</datafield>
<datafield tag="425" ind1="a" ind2=" ">
<subfield code="a">1675</subfield>
</datafield>
<datafield tag="434" ind1=" " ind2=" ">
<subfield code="a">schwarz-weiß</subfield>
</datafield>
<datafield tag="435" ind1=" " ind2=" ">
<subfield code="a">18 x 24,7 cm</subfield>
</datafield>
<datafield tag="439" ind1=" " ind2=" ">
<subfield code="d">Holzschnitt</subfield>
</datafield>
<datafield tag="501" ind1=" " ind2=" ">
<subfield code="a">Ausrichtung: Osten</subfield>
</datafield>
<datafield tag="530" ind1=" " ind2=" ">
<subfield code="a">Asia portuguesa, tomo III, Seite 362</subfield>
<subfield code="p">Enthalten in</subfield>
</datafield>
<datafield tag="655" ind1="#" ind2="7">
<subfield code="a">Altkarte</subfield>
</datafield>
</record>