
<record xmlns="http://www.loc.gov/MARC21/slim"
    xmlns:xsi="http://www.w3.org/2001/XMLSchema-instance"
    xsi:schemaLocation="http://www.loc.gov/MARC21/slim
    http://www.loc.gov/standards/marcxml/schema/MARC21slim.xsd">
<leader>     nM2.01200024      h</leader>
<controlfield tag="001">AC05701570</controlfield>
<controlfield tag="002">20061012</controlfield>
<controlfield tag="003">20161116</controlfield>
<controlfield tag="026">OBVAC05701570</controlfield>
<controlfield tag="030">a|1urr|||||17</controlfield>
<controlfield tag="050">||a|||||||a|||</controlfield>
<controlfield tag="051">m||||||</controlfield>
<controlfield tag="FMT">MH</controlfield>
<controlfield tag="LDR">     nM2.01200024      h</controlfield>
<datafield tag="034" ind1="1" ind2="#">
<subfield code="2">bound</subfield>
<subfield code="a">a</subfield>
<subfield code="b">288000</subfield>
<subfield code="d">E0120300</subfield>
<subfield code="e">E0145900</subfield>
<subfield code="f">N0484600</subfield>
<subfield code="g">N0465400</subfield>
</datafield>
<datafield tag="041" ind1="#" ind2="7">
<subfield code="a">ger</subfield>
</datafield>
<datafield tag="044" ind1="#" ind2="#">
<subfield code="c">AA</subfield>
</datafield>
<datafield tag="060" ind1=" " ind2=" ">
<subfield code="b">cri</subfield>
</datafield>
<datafield tag="061" ind1=" " ind2=" ">
<subfield code="b">n</subfield>
</datafield>
<datafield tag="062" ind1=" " ind2=" ">
<subfield code="b">nb</subfield>
</datafield>
<datafield tag="064" ind1="a" ind2=" ">
<subfield code="9">(DE-588)4611904-8</subfield>
</datafield>
<datafield tag="070" ind1=" " ind2=" ">
<subfield code="a">LBO</subfield>
</datafield>
<datafield tag="070" ind1="b" ind2=" ">
<subfield code="a">OAW</subfield>
</datafield>
<datafield tag="076" ind1="s" ind2=" ">
<subfield code="a">50</subfield>
</datafield>
<datafield tag="100" ind1=" " ind2=" ">
<subfield code="4">ctg</subfield>
<subfield code="9">(DE-588)131353594</subfield>
<subfield code="d">1794-1864</subfield>
</datafield>
<datafield tag="100" ind1="1" ind2="#">
<subfield code="a">Souvent, Alois</subfield>
</datafield>
<datafield tag="245" ind1="0" ind2="0">
<subfield code="a">Uibersichts-Karte der neu organisirten Gerichts und Verwaltungs Bezirke der Kronländer Erzherzogthum Österreich ob der Enns und Herzogthum Salzburg</subfield>
</datafield>
<datafield tag="246" ind1="0" ind2="3">
<subfield code="a">Übersichtskarte der neu organisierten Gerichts und Verwaltungs Bezirke der Kronländer Erzherzogthum Österreich ob der Enns und Herzogthum Salzburg</subfield>
</datafield>
<datafield tag="255" ind1="#" ind2="#">
<subfield code="a">Circa 1:288 000</subfield>
</datafield>
<datafield tag="264" ind1="#" ind2="1">
<subfield code="a">Wien</subfield>
<subfield code="b">Wernigk</subfield>
<subfield code="c">1850</subfield>
</datafield>
<datafield tag="300" ind1="#" ind2="#">
<subfield code="a">1 Karte</subfield>
</datafield>
<datafield tag="359" ind1=" " ind2=" ">
<subfield code="a">verfasst im Jahre 1850 von Alois Souvent k.k. Catastral Mappen Archivar zu Linz</subfield>
</datafield>
<datafield tag="425" ind1="a" ind2=" ">
<subfield code="a">1850</subfield>
</datafield>
<datafield tag="435" ind1=" " ind2=" ">
<subfield code="a">70 x 75 cm</subfield>
</datafield>
<datafield tag="439" ind1=" " ind2=" ">
<subfield code="d">Zinkdruck</subfield>
</datafield>
<datafield tag="501" ind1=" " ind2=" ">
<subfield code="a">Sonstige Details: Exemplar ÖAW-Sammlung Woldan grenzkoloriert und mit handschriftlichen Eintragungen</subfield>
</datafield>
<datafield tag="655" ind1="#" ind2="7">
<subfield code="a">Altkarte</subfield>
</datafield>
<datafield tag="902" ind1=" " ind2=" ">
<subfield code="9">(DE-588)4075560-5</subfield>
<subfield code="f">Altkarte</subfield>
<subfield code="g">Oberösterreich</subfield>
</datafield>
<datafield tag="904" ind1="a" ind2=" ">
<subfield code="a">LBOFAI</subfield>
</datafield>
<datafield tag="907" ind1=" " ind2=" ">
<subfield code="9">(DE-588)4076982-3</subfield>
<subfield code="f">Altkarte</subfield>
<subfield code="g">Salzburg</subfield>
</datafield>
<datafield tag="909" ind1="a" ind2=" ">
<subfield code="a">LBOFAI</subfield>
</datafield>
</record>