
<record xmlns="http://www.loc.gov/MARC21/slim"
    xmlns:xsi="http://www.w3.org/2001/XMLSchema-instance"
    xsi:schemaLocation="http://www.loc.gov/MARC21/slim
    http://www.loc.gov/standards/marcxml/schema/MARC21slim.xsd">
<leader>     nM2.01200024      h</leader>
<controlfield tag="001">AC03907309</controlfield>
<controlfield tag="002">20031201</controlfield>
<controlfield tag="003">20161116</controlfield>
<controlfield tag="026">OBVAC03907309</controlfield>
<controlfield tag="030">z|1drr|||||17</controlfield>
<controlfield tag="050">||a|||||||a|||</controlfield>
<controlfield tag="051">m||||||</controlfield>
<controlfield tag="FMT">MH</controlfield>
<controlfield tag="LDR">     nM2.01200024      h</controlfield>
<datafield tag="034" ind1="1" ind2="#">
<subfield code="2">bound</subfield>
<subfield code="a">a</subfield>
<subfield code="b">144000</subfield>
<subfield code="d">E0142700</subfield>
<subfield code="e">E0170400</subfield>
<subfield code="f">N0490100</subfield>
<subfield code="g">N0472500</subfield>
</datafield>
<datafield tag="041" ind1="#" ind2="7">
<subfield code="a">lat</subfield>
</datafield>
<datafield tag="044" ind1="#" ind2="#">
<subfield code="c">XA-DXDE</subfield>
</datafield>
<datafield tag="060" ind1=" " ind2=" ">
<subfield code="a">cri</subfield>
</datafield>
<datafield tag="061" ind1=" " ind2=" ">
<subfield code="a">n</subfield>
</datafield>
<datafield tag="062" ind1=" " ind2=" ">
<subfield code="a">nb</subfield>
</datafield>
<datafield tag="070" ind1=" " ind2=" ">
<subfield code="a">ONB</subfield>
</datafield>
<datafield tag="070" ind1="b" ind2=" ">
<subfield code="a">OAW</subfield>
</datafield>
<datafield tag="076" ind1="f" ind2=" ">
<subfield code="a">Erfassung ONB-Karten</subfield>
</datafield>
<datafield tag="076" ind1="s" ind2=" ">
<subfield code="a">50</subfield>
</datafield>
<datafield tag="100" ind1=" " ind2=" ">
<subfield code="4">ctg</subfield>
<subfield code="9">(DE-588)118768646</subfield>
<subfield code="d">1628-1695</subfield>
</datafield>
<datafield tag="100" ind1="1" ind2="#">
<subfield code="a">Vischer, Georg Matthäus</subfield>
</datafield>
<datafield tag="104" ind1="b" ind2=" ">
<subfield code="4">dte</subfield>
<subfield code="9">(DE-588)130852678</subfield>
<subfield code="d">1644-1715</subfield>
<subfield code="p">Abensberg-Traun, Otto Ehrenreich &lt;&lt;von&gt;&gt;</subfield>
</datafield>
<datafield tag="245" ind1="0" ind2="0">
<subfield code="a">Archiducatus Austriae Inferioris Geographica et Noviter Emendata Accuratissima Descriptio</subfield>
</datafield>
<datafield tag="250" ind1="#" ind2="#">
<subfield code="a">[2. Ausgabe]</subfield>
</datafield>
<datafield tag="255" ind1="#" ind2="#">
<subfield code="a">Circa 1:144 000</subfield>
</datafield>
<datafield tag="264" ind1="#" ind2="1">
<subfield code="a">[Wien]</subfield>
<subfield code="b">[kein Verlag ermittelbar]</subfield>
<subfield code="c">1697</subfield>
</datafield>
<datafield tag="300" ind1="#" ind2="#">
<subfield code="a">1 Karte in 16 Blätter</subfield>
</datafield>
<datafield tag="425" ind1="a" ind2=" ">
<subfield code="a">1697</subfield>
</datafield>
<datafield tag="434" ind1=" " ind2=" ">
<subfield code="a">schwarz-weiß</subfield>
</datafield>
<datafield tag="435" ind1=" " ind2=" ">
<subfield code="a">119 x 175 cm, Blätter 30 x 43,5 cm</subfield>
</datafield>
<datafield tag="437" ind1=" " ind2=" ">
<subfield code="a">4 Registerblätter</subfield>
</datafield>
<datafield tag="439" ind1=" " ind2=" ">
<subfield code="d">Kupferstich</subfield>
</datafield>
<datafield tag="501" ind1=" " ind2=" ">
<subfield code="a">Widmung: Mit Widmungstext an "... Otto Honorius Sac. Ro, Imp. Comes de Abensperg, Traun, Wolkenburg ..."</subfield>
</datafield>
<datafield tag="655" ind1="o" ind2=" ">
<subfield code="3">Digitales Objekt</subfield>
<subfield code="m">V:AT-OBV;B:AT-OeNB</subfield>
<subfield code="q">application/xml</subfield>
<subfield code="u">http://data.onb.ac.at/dtl/6272122</subfield>
<subfield code="x">ONB-DTL</subfield>
</datafield>
<datafield tag="677" ind1=" " ind2=" ">
<subfield code="9">(DE-588)139873570</subfield>
<subfield code="d">ca. 1. H. 18. Jh.</subfield>
<subfield code="p">Hermundt, Johannes</subfield>
</datafield>
<datafield tag="700" ind1="1" ind2="#">
<subfield code="4">egr</subfield>
</datafield>
<datafield tag="902" ind1=" " ind2=" ">
<subfield code="9">(DE-588)4075391-8</subfield>
<subfield code="f">Altkarte</subfield>
<subfield code="g">Niederösterreich</subfield>
</datafield>
<datafield tag="904" ind1="a" ind2=" ">
<subfield code="a">ONBKRP</subfield>
</datafield>
</record>