
<record xmlns="http://www.loc.gov/MARC21/slim"
    xmlns:xsi="http://www.w3.org/2001/XMLSchema-instance"
    xsi:schemaLocation="http://www.loc.gov/MARC21/slim
    http://www.loc.gov/standards/marcxml/schema/MARC21slim.xsd">
<leader>00000nM2.01200024      h</leader>
<controlfield tag="001">AC12247972</controlfield>
<controlfield tag="002">20150417</controlfield>
<controlfield tag="003">20161116</controlfield>
<controlfield tag="026">OBVAC12247972</controlfield>
<controlfield tag="030">a|1urr|||||17</controlfield>
<controlfield tag="050">a|a|||||||a|||</controlfield>
<controlfield tag="051">at||||||</controlfield>
<controlfield tag="FMT">MH</controlfield>
<controlfield tag="LDR">00000nM2.01200024      h</controlfield>
<datafield tag="034" ind1="1" ind2="#">
<subfield code="2">bound</subfield>
<subfield code="a">a</subfield>
<subfield code="b">4800000</subfield>
<subfield code="d">E0204300</subfield>
<subfield code="e">E0422700</subfield>
<subfield code="f">N0561400</subfield>
<subfield code="g">N0404900</subfield>
</datafield>
<datafield tag="041" ind1="#" ind2="7">
<subfield code="a">lat</subfield>
</datafield>
<datafield tag="044" ind1="#" ind2="#">
<subfield code="c">XA-DXDE</subfield>
</datafield>
<datafield tag="060" ind1=" " ind2=" ">
<subfield code="b">cri</subfield>
</datafield>
<datafield tag="061" ind1=" " ind2=" ">
<subfield code="b">n</subfield>
</datafield>
<datafield tag="062" ind1=" " ind2=" ">
<subfield code="b">nb</subfield>
</datafield>
<datafield tag="064" ind1="a" ind2=" ">
<subfield code="9">(DE-588)4611904-8</subfield>
</datafield>
<datafield tag="070" ind1=" " ind2=" ">
<subfield code="a">OAW</subfield>
</datafield>
<datafield tag="070" ind1="b" ind2=" ">
<subfield code="a">OAW</subfield>
</datafield>
<datafield tag="076" ind1="s" ind2=" ">
<subfield code="a">54</subfield>
</datafield>
<datafield tag="100" ind1=" " ind2=" ">
<subfield code="9">(DE-588)118630067</subfield>
<subfield code="d">1654-1725</subfield>
</datafield>
<datafield tag="100" ind1="1" ind2="#">
<subfield code="a">Weigel, Christoph</subfield>
</datafield>
<datafield tag="104" ind1="b" ind2=" ">
<subfield code="4">egr</subfield>
<subfield code="9">(DE-588)123502179</subfield>
<subfield code="d">1673-1756</subfield>
<subfield code="p">Kauffer, Michael</subfield>
</datafield>
<datafield tag="245" ind1="0" ind2="0">
<subfield code="a">Ukrania seu Cosa Corum Regio Walachia item Moldavia et Trartaria minor</subfield>
</datafield>
<datafield tag="255" ind1="#" ind2="#">
<subfield code="a">Circa 1:4 800 000</subfield>
</datafield>
<datafield tag="264" ind1="#" ind2="1">
<subfield code="a">Norimb.</subfield>
<subfield code="c">[1718]</subfield>
</datafield>
<datafield tag="300" ind1="#" ind2="#">
<subfield code="a">1 Karte</subfield>
</datafield>
<datafield tag="359" ind1=" " ind2=" ">
<subfield code="a">exc. Christ. Weigelio Norimb: ; M. Kauffer Sculp:</subfield>
</datafield>
<datafield tag="425" ind1="a" ind2=" ">
<subfield code="a">1718</subfield>
</datafield>
<datafield tag="435" ind1=" " ind2=" ">
<subfield code="a">33 x 39 cm</subfield>
</datafield>
<datafield tag="439" ind1=" " ind2=" ">
<subfield code="d">Kupferstich</subfield>
</datafield>
<datafield tag="501" ind1=" " ind2=" ">
<subfield code="a">Projektion: sterographisch</subfield>
</datafield>
<datafield tag="655" ind1="#" ind2="7">
<subfield code="a">Altkarte</subfield>
</datafield>
<datafield tag="773" ind1="#" ind2="#">
<subfield code="d">1718</subfield>
<subfield code="g">7</subfield>
<subfield code="t">&lt;&lt;Johann David Koehlers Historiarum &amp; Politices Professoris Publici auf der Nürnbergischen Universitaet Altdorff&gt;&gt; Bequemer Schul- und Reisen-Atlasausgefertiget von Christoph Weigeln / Kunsthändlern in Nürnberg</subfield>
<subfield code="w">AC09369655</subfield>
</datafield>
</record>