
<record xmlns="http://www.loc.gov/MARC21/slim"
    xmlns:xsi="http://www.w3.org/2001/XMLSchema-instance"
    xsi:schemaLocation="http://www.loc.gov/MARC21/slim
    http://www.loc.gov/standards/marcxml/schema/MARC21slim.xsd">
<leader>     nM2.01200024      h</leader>
<controlfield tag="001">AC04031969</controlfield>
<controlfield tag="002">20040310</controlfield>
<controlfield tag="003">20161116</controlfield>
<controlfield tag="026">OBVAC04031969</controlfield>
<controlfield tag="030">a|1urr|||||17</controlfield>
<controlfield tag="050">||a|||||||a|||</controlfield>
<controlfield tag="051">m||||||</controlfield>
<controlfield tag="FMT">MH</controlfield>
<controlfield tag="LDR">     nM2.01200024      h</controlfield>
<datafield tag="034" ind1="1" ind2="#">
<subfield code="2">bound</subfield>
<subfield code="a">a</subfield>
<subfield code="b">690000</subfield>
<subfield code="d">E0124700</subfield>
<subfield code="e">E0160800</subfield>
<subfield code="f">N0475100</subfield>
<subfield code="g">N0442500</subfield>
</datafield>
<datafield tag="041" ind1="#" ind2="7">
<subfield code="a">ger</subfield>
</datafield>
<datafield tag="044" ind1="#" ind2="#">
<subfield code="c">XA-AAAT</subfield>
</datafield>
<datafield tag="060" ind1=" " ind2=" ">
<subfield code="b">cri</subfield>
</datafield>
<datafield tag="061" ind1=" " ind2=" ">
<subfield code="b">n</subfield>
</datafield>
<datafield tag="062" ind1=" " ind2=" ">
<subfield code="b">nb</subfield>
</datafield>
<datafield tag="064" ind1="a" ind2=" ">
<subfield code="9">(DE-588)4611904-8</subfield>
</datafield>
<datafield tag="070" ind1=" " ind2=" ">
<subfield code="a">OAW</subfield>
</datafield>
<datafield tag="070" ind1="b" ind2=" ">
<subfield code="a">OAW</subfield>
</datafield>
<datafield tag="076" ind1="s" ind2=" ">
<subfield code="a">54</subfield>
</datafield>
<datafield tag="100" ind1=" " ind2=" ">
<subfield code="4">ctg</subfield>
<subfield code="9">(DE-588)121494233</subfield>
<subfield code="d">1782-1847</subfield>
</datafield>
<datafield tag="100" ind1="1" ind2="#">
<subfield code="a">Weiland, Karl Ferdinand</subfield>
</datafield>
<datafield tag="245" ind1="0" ind2="0">
<subfield code="a">Charte von dem Königreiche Illyrien und dem Herzogthume Steyermark</subfield>
</datafield>
<datafield tag="255" ind1="#" ind2="#">
<subfield code="a">Circa 1:690 000</subfield>
</datafield>
<datafield tag="264" ind1="#" ind2="1">
<subfield code="a">Weimar</subfield>
<subfield code="b">im Verlage des Geograph. Instituts</subfield>
<subfield code="c">1830</subfield>
</datafield>
<datafield tag="300" ind1="#" ind2="#">
<subfield code="a">1 Karte</subfield>
</datafield>
<datafield tag="335" ind1=" " ind2=" ">
<subfield code="a">nach de Castro's Charte von Inneroestreich</subfield>
</datafield>
<datafield tag="359" ind1=" " ind2=" ">
<subfield code="a">entworfen von C. F. Weiland.; A. Bürck sc.</subfield>
</datafield>
<datafield tag="425" ind1="a" ind2=" ">
<subfield code="a">1830</subfield>
</datafield>
<datafield tag="435" ind1=" " ind2=" ">
<subfield code="a">58 x 45 cm</subfield>
</datafield>
<datafield tag="439" ind1=" " ind2=" ">
<subfield code="d">Kupferstich</subfield>
</datafield>
<datafield tag="501" ind1=" " ind2=" ">
<subfield code="a">Sonstige Details: Exemplar ÖAW-Sammlung Woldan Königreich Illyrien und Herzogthum Steyermark grenzkoloriert</subfield>
</datafield>
<datafield tag="655" ind1="#" ind2="7">
<subfield code="a">Altkarte</subfield>
</datafield>
<datafield tag="677" ind1=" " ind2=" ">
<subfield code="9">(DE-588)130490369</subfield>
<subfield code="p">Bürck, A.</subfield>
</datafield>
<datafield tag="700" ind1="1" ind2="#">
<subfield code="4">egr</subfield>
</datafield>
</record>