
<record xmlns="http://www.loc.gov/MARC21/slim"
    xmlns:xsi="http://www.w3.org/2001/XMLSchema-instance"
    xsi:schemaLocation="http://www.loc.gov/MARC21/slim
    http://www.loc.gov/standards/marcxml/schema/MARC21slim.xsd">
<leader>     nM2.01200024      h</leader>
<controlfield tag="001">AC04043186</controlfield>
<controlfield tag="002">20040319</controlfield>
<controlfield tag="003">20161116</controlfield>
<controlfield tag="026">OBVAC04043186</controlfield>
<controlfield tag="030">a|1urr|||||17</controlfield>
<controlfield tag="050">||a|||||||a|||</controlfield>
<controlfield tag="051">m||||||</controlfield>
<controlfield tag="FMT">MH</controlfield>
<controlfield tag="LDR">     nM2.01200024      h</controlfield>
<datafield tag="034" ind1="1" ind2="#">
<subfield code="2">bound</subfield>
<subfield code="a">a</subfield>
<subfield code="b">1350000</subfield>
<subfield code="d">E0084800</subfield>
<subfield code="e">E0255400</subfield>
<subfield code="f">N0512800</subfield>
<subfield code="g">N0414500</subfield>
</datafield>
<datafield tag="041" ind1="#" ind2="7">
<subfield code="a">ger</subfield>
</datafield>
<datafield tag="044" ind1="#" ind2="#">
<subfield code="c">XA-DXDE</subfield>
</datafield>
<datafield tag="060" ind1=" " ind2=" ">
<subfield code="b">cri</subfield>
</datafield>
<datafield tag="061" ind1=" " ind2=" ">
<subfield code="b">n</subfield>
</datafield>
<datafield tag="062" ind1=" " ind2=" ">
<subfield code="b">nb</subfield>
</datafield>
<datafield tag="064" ind1="a" ind2=" ">
<subfield code="9">(DE-588)4611904-8</subfield>
</datafield>
<datafield tag="070" ind1=" " ind2=" ">
<subfield code="a">OAW</subfield>
</datafield>
<datafield tag="070" ind1="b" ind2=" ">
<subfield code="a">OAW</subfield>
</datafield>
<datafield tag="076" ind1="s" ind2=" ">
<subfield code="a">50</subfield>
</datafield>
<datafield tag="100" ind1=" " ind2=" ">
<subfield code="4">ctg</subfield>
<subfield code="9">(DE-588)121494233</subfield>
<subfield code="d">1782-1847</subfield>
</datafield>
<datafield tag="100" ind1="1" ind2="#">
<subfield code="a">Weiland, Karl Ferdinand</subfield>
</datafield>
<datafield tag="245" ind1="0" ind2="0">
<subfield code="a">General Karte von dem Oesterreichischen Kaiserstaate</subfield>
</datafield>
<datafield tag="255" ind1="#" ind2="#">
<subfield code="a">1:1 350 000</subfield>
</datafield>
<datafield tag="264" ind1="#" ind2="1">
<subfield code="a">Weimar</subfield>
<subfield code="b">Im Verlage des Geographischen Instituts</subfield>
<subfield code="c">1836</subfield>
</datafield>
<datafield tag="300" ind1="#" ind2="#">
<subfield code="a">1 Karte</subfield>
</datafield>
<datafield tag="359" ind1=" " ind2=" ">
<subfield code="a">entworfen und gezeichn. von C. F. Weiland</subfield>
</datafield>
<datafield tag="425" ind1="a" ind2=" ">
<subfield code="a">1836</subfield>
</datafield>
<datafield tag="434" ind1=" " ind2=" ">
<subfield code="a">Kupferstich</subfield>
</datafield>
<datafield tag="435" ind1=" " ind2=" ">
<subfield code="a">45,5 x 58 cm</subfield>
</datafield>
<datafield tag="439" ind1=" " ind2=" ">
<subfield code="d">Kupferstich</subfield>
</datafield>
<datafield tag="501" ind1=" " ind2=" ">
<subfield code="a">Sonstige Details: Exemplar ÖAW-Sammlung Woldan grenzkoloriert</subfield>
</datafield>
<datafield tag="655" ind1="#" ind2="7">
<subfield code="a">Altkarte</subfield>
</datafield>
<datafield tag="677" ind1=" " ind2=" ">
<subfield code="9">(DE-588)1055521-3</subfield>
<subfield code="k">Geographisches Institut Weimar</subfield>
</datafield>
<datafield tag="700" ind1="1" ind2="#">
<subfield code="4">pbl</subfield>
</datafield>
<datafield tag="902" ind1=" " ind2=" ">
<subfield code="9">(DE-588)4043271-3</subfield>
<subfield code="f">Altkarte</subfield>
<subfield code="g">Österreich</subfield>
</datafield>
<datafield tag="904" ind1="a" ind2=" ">
<subfield code="a">ONBKRP</subfield>
</datafield>
</record>