
<record xmlns="http://www.loc.gov/MARC21/slim"
    xmlns:xsi="http://www.w3.org/2001/XMLSchema-instance"
    xsi:schemaLocation="http://www.loc.gov/MARC21/slim
    http://www.loc.gov/standards/marcxml/schema/MARC21slim.xsd">
<leader>01038nM2.01200024      h</leader>
<controlfield tag="001">AC13302678</controlfield>
<controlfield tag="002">20160824</controlfield>
<controlfield tag="003">20161116</controlfield>
<controlfield tag="025">898182106</controlfield>
<controlfield tag="026">BVBBV041926505</controlfield>
<controlfield tag="030">a|1urr|||||17</controlfield>
<controlfield tag="050">||a|||||||a|||</controlfield>
<controlfield tag="051">m|||||||</controlfield>
<controlfield tag="FMT">MH</controlfield>
<controlfield tag="LDR">01038nM2.01200024      h</controlfield>
<datafield tag="034" ind1="1" ind2="#">
<subfield code="2">bound</subfield>
<subfield code="a">a</subfield>
<subfield code="b">1000000</subfield>
<subfield code="d">W0434400</subfield>
<subfield code="e">E0524400</subfield>
<subfield code="f">N0671300</subfield>
<subfield code="g">S0360300</subfield>
</datafield>
<datafield tag="041" ind1="#" ind2="7">
<subfield code="a">ita</subfield>
</datafield>
<datafield tag="044" ind1="#" ind2="#">
<subfield code="c">XA-IT</subfield>
</datafield>
<datafield tag="060" ind1=" " ind2=" ">
<subfield code="b">cri</subfield>
</datafield>
<datafield tag="061" ind1=" " ind2=" ">
<subfield code="b">n</subfield>
</datafield>
<datafield tag="062" ind1=" " ind2=" ">
<subfield code="b">nb</subfield>
</datafield>
<datafield tag="064" ind1="a" ind2=" ">
<subfield code="9">(DE-588)4611904-8</subfield>
</datafield>
<datafield tag="070" ind1=" " ind2=" ">
<subfield code="a">OAW</subfield>
</datafield>
<datafield tag="070" ind1="b" ind2=" ">
<subfield code="a">OAW</subfield>
</datafield>
<datafield tag="076" ind1="s" ind2=" ">
<subfield code="a">54</subfield>
</datafield>
<datafield tag="100" ind1=" " ind2=" ">
<subfield code="4">egr</subfield>
<subfield code="9">(DE-588)1089366256</subfield>
</datafield>
<datafield tag="100" ind1="1" ind2="#">
<subfield code="a">Zenoi, Domenico</subfield>
</datafield>
<datafield tag="104" ind1="b" ind2=" ">
<subfield code="4">dte</subfield>
<subfield code="9">(DE-588)111222792X</subfield>
<subfield code="p">Scaridino, Francesco</subfield>
</datafield>
<datafield tag="245" ind1="0" ind2="0">
<subfield code="a">Al Mag.co S.or Francesco Scaridino Non mi parea cosa convenie[n]te ch'io Cassiasi andar fuora l'Europa, con la giuta del'africa, et parte del'asia senza ch'io le segnasoi nel Fronte nome honorato, si onde essa nun fusse isprezzata ó, almeno risbeltaia la onae nom sorio posulto in aliso compiaccre as pave di V. S. che per I gra meróli suoi pelvano esser scudo contro el biajmo di guessi che molto sano, ó al giudicio di guessi che frappe senerri nel censurar le altrui cose sono la riccua dun gue il core affetionato alla natia bonta di V. S. alla qualle hunulmente m’incefimo di padova 1570 D[ome]n[i]co Zenoni. / Oratio Beteli</subfield>
</datafield>
<datafield tag="255" ind1="#" ind2="#">
<subfield code="a">Circa 1:45 000 000</subfield>
</datafield>
<datafield tag="264" ind1="#" ind2="1">
<subfield code="a">Padova</subfield>
<subfield code="b">Oratio Bertelli</subfield>
<subfield code="c">1570</subfield>
</datafield>
<datafield tag="300" ind1="#" ind2="#">
<subfield code="a">1 Karte</subfield>
</datafield>
<datafield tag="359" ind1=" " ind2=" ">
<subfield code="a">Dnco Zenoni</subfield>
</datafield>
<datafield tag="425" ind1="a" ind2=" ">
<subfield code="a">1570</subfield>
</datafield>
<datafield tag="434" ind1=" " ind2=" ">
<subfield code="a">schwarz-weiß</subfield>
</datafield>
<datafield tag="435" ind1=" " ind2=" ">
<subfield code="a">17,4 x 19,8 cm</subfield>
</datafield>
<datafield tag="439" ind1=" " ind2=" ">
<subfield code="d">Kupferstich</subfield>
</datafield>
<datafield tag="501" ind1=" " ind2=" ">
<subfield code="a">Details zu illustrierendem Inhalt: Titelkartusche</subfield>
</datafield>
<datafield tag="655" ind1="#" ind2="7">
<subfield code="a">Altkarte</subfield>
</datafield>
<datafield tag="655" ind1="e" ind2=" ">
<subfield code="3">Volltext // 2014 digitalisiert von: Bayerische Staatsbibliothek, München. Exemplar mit der Signatur: München, Bayerische Staatsbibliothek -- 2 Mapp. 464#168</subfield>
<subfield code="u">http://nbn-resolving.de/urn/resolver.pl?urn=urn:nbn:de:bvb:12-bsb00092212-3</subfield>
<subfield code="x">Resolving-System</subfield>
<subfield code="z">kostenfrei</subfield>
</datafield>
<datafield tag="902" ind1=" " ind2=" ">
<subfield code="9">(DE-588)4068878-1</subfield>
<subfield code="f">Altkarte</subfield>
<subfield code="g">Naher Osten</subfield>
</datafield>
<datafield tag="903" ind1=" " ind2=" ">
<subfield code="a">4123</subfield>
</datafield>
<datafield tag="SID" ind1=" " ind2=" ">
<subfield code="a">Z39</subfield>
<subfield code="b">BVBKAT</subfield>
</datafield>
</record>