
<record xmlns="http://www.loc.gov/MARC21/slim"
    xmlns:xsi="http://www.w3.org/2001/XMLSchema-instance"
    xsi:schemaLocation="http://www.loc.gov/MARC21/slim
    http://www.loc.gov/standards/marcxml/schema/MARC21slim.xsd">
<leader>     nM2.01200024      h</leader>
<controlfield tag="001">AC13301550</controlfield>
<controlfield tag="002">20160823</controlfield>
<controlfield tag="003">20161116</controlfield>
<controlfield tag="026">OBVAC13301550</controlfield>
<controlfield tag="030">a|1urr|||||17</controlfield>
<controlfield tag="050">||a|||||||a|||</controlfield>
<controlfield tag="051">m|||||||</controlfield>
<controlfield tag="FMT">MH</controlfield>
<controlfield tag="LDR">     nM2.01200024      h</controlfield>
<datafield tag="034" ind1="1" ind2="#">
<subfield code="2">bound</subfield>
<subfield code="a">a</subfield>
<subfield code="b">1000000</subfield>
<subfield code="d">E0162131</subfield>
<subfield code="e">E0162308</subfield>
<subfield code="f">N0481305</subfield>
<subfield code="g">N0481202</subfield>
</datafield>
<datafield tag="041" ind1="#" ind2="7">
<subfield code="a">ita</subfield>
</datafield>
<datafield tag="044" ind1="#" ind2="#">
<subfield code="c">XA-IT</subfield>
</datafield>
<datafield tag="060" ind1=" " ind2=" ">
<subfield code="b">cri</subfield>
</datafield>
<datafield tag="061" ind1=" " ind2=" ">
<subfield code="b">n</subfield>
</datafield>
<datafield tag="062" ind1=" " ind2=" ">
<subfield code="b">nb</subfield>
</datafield>
<datafield tag="064" ind1="a" ind2=" ">
<subfield code="9">(DE-588)4611904-8</subfield>
</datafield>
<datafield tag="070" ind1=" " ind2=" ">
<subfield code="a">OAW</subfield>
</datafield>
<datafield tag="070" ind1="b" ind2=" ">
<subfield code="a">OAW</subfield>
</datafield>
<datafield tag="076" ind1="s" ind2=" ">
<subfield code="a">50</subfield>
</datafield>
<datafield tag="100" ind1=" " ind2=" ">
<subfield code="4">egr</subfield>
<subfield code="9">(DE-588)1089366256</subfield>
</datafield>
<datafield tag="100" ind1="1" ind2="#">
<subfield code="a">Zenoi, Domenico</subfield>
</datafield>
<datafield tag="245" ind1="0" ind2="0">
<subfield code="a">Vienna</subfield>
</datafield>
<datafield tag="255" ind1="#" ind2="#">
<subfield code="a">Circa 1:6 500</subfield>
</datafield>
<datafield tag="264" ind1="#" ind2="1">
<subfield code="a">Venetia</subfield>
<subfield code="b">all' insegna della Colonna</subfield>
<subfield code="c">1567</subfield>
</datafield>
<datafield tag="300" ind1="#" ind2="#">
<subfield code="a">1 Vogelschaubild</subfield>
</datafield>
<datafield tag="335" ind1=" " ind2=" ">
<subfield code="a">Il vero ritrato della fortezza di Vienna Citta nobilissima in Austria, si veramente come ogi di si ritrova</subfield>
</datafield>
<datafield tag="359" ind1=" " ind2=" ">
<subfield code="a">[Domenico Zenoi]</subfield>
</datafield>
<datafield tag="425" ind1="a" ind2=" ">
<subfield code="a">1567</subfield>
</datafield>
<datafield tag="434" ind1=" " ind2=" ">
<subfield code="a">schwarz-weiß</subfield>
</datafield>
<datafield tag="435" ind1=" " ind2=" ">
<subfield code="a">19,5 x 26,2 cm</subfield>
</datafield>
<datafield tag="439" ind1=" " ind2=" ">
<subfield code="d">Kupferstich</subfield>
</datafield>
<datafield tag="501" ind1=" " ind2=" ">
<subfield code="a">Erscheinungshinweise: Einzelblatt vermutlich aus: Giulio Ballino, Civitatum Aliquot Insigniorum, et locorum, magis munitorum exacta delineatio: Cum omnium quae ad eorum historiam pertinent, breui enarratione. Disegni di alcune piu illustri citta, et fortezze del mondo, con una breue historia delle cose, a loro pertinenti. 1568.</subfield>
</datafield>
<datafield tag="655" ind1="#" ind2="7">
<subfield code="a">Altkarte</subfield>
</datafield>
<datafield tag="677" ind1=" " ind2=" ">
<subfield code="9">(DE-588)124797148</subfield>
<subfield code="p">Zaltieri, Bolognino</subfield>
</datafield>
<datafield tag="700" ind1="1" ind2="#">
<subfield code="4">prt</subfield>
</datafield>
<datafield tag="902" ind1=" " ind2=" ">
<subfield code="9">(DE-588)4129845-7</subfield>
<subfield code="g">Wien</subfield>
<subfield code="s">Stadtplan</subfield>
</datafield>
<datafield tag="904" ind1="a" ind2=" ">
<subfield code="a">ONBKRP</subfield>
</datafield>
</record>