
<record xmlns="http://www.loc.gov/MARC21/slim"
    xmlns:xsi="http://www.w3.org/2001/XMLSchema-instance"
    xsi:schemaLocation="http://www.loc.gov/MARC21/slim
    http://www.loc.gov/standards/marcxml/schema/MARC21slim.xsd">
<leader>00000nM2.01200024||||||h</leader>
<controlfield tag="001">AC13303840</controlfield>
<controlfield tag="002">20160825</controlfield>
<controlfield tag="026">OBVAC13303840</controlfield>
<controlfield tag="030">a|1urr|||||37</controlfield>
<controlfield tag="050">a|a|||||||||||</controlfield>
<controlfield tag="051">s|||||||</controlfield>
<controlfield tag="FMT">MH</controlfield>
<controlfield tag="LDR">00000nM2.01200024||||||h</controlfield>
<datafield tag="034" ind1="1" ind2="#">
<subfield code="2">bound</subfield>
<subfield code="a">a</subfield>
<subfield code="b">2400000</subfield>
<subfield code="d">E0100100</subfield>
<subfield code="e">E0240400</subfield>
<subfield code="f">N0461200</subfield>
<subfield code="g">N0292700</subfield>
</datafield>
<datafield tag="041" ind1="#" ind2="7">
<subfield code="a">fre</subfield>
</datafield>
<datafield tag="044" ind1="#" ind2="#">
<subfield code="c">FR</subfield>
</datafield>
<datafield tag="060" ind1=" " ind2=" ">
<subfield code="b">cri</subfield>
</datafield>
<datafield tag="061" ind1=" " ind2=" ">
<subfield code="b">n</subfield>
</datafield>
<datafield tag="062" ind1=" " ind2=" ">
<subfield code="b">nb</subfield>
</datafield>
<datafield tag="064" ind1="a" ind2=" ">
<subfield code="9">(DE-588)4611904-8</subfield>
</datafield>
<datafield tag="070" ind1=" " ind2=" ">
<subfield code="a">OAW</subfield>
</datafield>
<datafield tag="076" ind1="s" ind2=" ">
<subfield code="a">50</subfield>
</datafield>
<datafield tag="245" ind1="0" ind2="0">
<subfield code="a">Mer Mediterranée</subfield>
</datafield>
<datafield tag="264" ind1="#" ind2="1">
<subfield code="a">Paris</subfield>
<subfield code="c">1745</subfield>
</datafield>
<datafield tag="335" ind1=" " ind2=" ">
<subfield code="a">contenant L'Italie, Sicilie, Golphe de Venise, Costes de Dalmatie, Albanie et Partie de celles de Barbarie</subfield>
</datafield>
<datafield tag="425" ind1="a" ind2=" ">
<subfield code="a">1745</subfield>
</datafield>
<datafield tag="451" ind1=" " ind2=" ">
<subfield code="a">Carte de la Mer Mediterranée</subfield>
<subfield code="v">Seconde Feuille</subfield>
</datafield>
<datafield tag="453" ind1="m" ind2=" ">
<subfield code="a">AC04465502</subfield>
</datafield>
<datafield tag="455" ind1=" " ind2=" ">
<subfield code="a">Seconde Feuille</subfield>
</datafield>
<datafield tag="456" ind1=" " ind2=" ">
<subfield code="a">2</subfield>
</datafield>
<datafield tag="655" ind1="#" ind2="7">
<subfield code="a">Altkarte</subfield>
</datafield>
</record>