
<record xmlns="http://www.loc.gov/MARC21/slim"
    xmlns:xsi="http://www.w3.org/2001/XMLSchema-instance"
    xsi:schemaLocation="http://www.loc.gov/MARC21/slim
    http://www.loc.gov/standards/marcxml/schema/MARC21slim.xsd">
<leader>00000nM2.01200024      h</leader>
<controlfield tag="001">AC13304501</controlfield>
<controlfield tag="002">20160826</controlfield>
<controlfield tag="003">20161116</controlfield>
<controlfield tag="026">OBVAC13304501</controlfield>
<controlfield tag="030">a|1urr|||||37</controlfield>
<controlfield tag="050">||a|||||||a|||</controlfield>
<controlfield tag="051">m|||||||</controlfield>
<controlfield tag="FMT">MH</controlfield>
<controlfield tag="LDR">00000nM2.01200024      h</controlfield>
<datafield tag="034" ind1="1" ind2="#">
<subfield code="2">bound</subfield>
<subfield code="a">a</subfield>
<subfield code="b">7000000</subfield>
<subfield code="d">W0950000</subfield>
<subfield code="e">W0250000</subfield>
<subfield code="f">S0500000</subfield>
<subfield code="g">S0700000</subfield>
</datafield>
<datafield tag="041" ind1="#" ind2="7">
<subfield code="a">rus</subfield>
</datafield>
<datafield tag="044" ind1="#" ind2="#">
<subfield code="c">XA-RU</subfield>
</datafield>
<datafield tag="060" ind1=" " ind2=" ">
<subfield code="b">cri</subfield>
</datafield>
<datafield tag="061" ind1=" " ind2=" ">
<subfield code="b">n</subfield>
</datafield>
<datafield tag="062" ind1=" " ind2=" ">
<subfield code="b">nb</subfield>
</datafield>
<datafield tag="064" ind1="a" ind2=" ">
<subfield code="9">(DE-588)4611904-8</subfield>
</datafield>
<datafield tag="070" ind1=" " ind2=" ">
<subfield code="a">OAW</subfield>
</datafield>
<datafield tag="070" ind1="b" ind2=" ">
<subfield code="a">OAW</subfield>
</datafield>
<datafield tag="076" ind1="s" ind2=" ">
<subfield code="a">50</subfield>
</datafield>
<datafield tag="245" ind1="0" ind2="0">
<subfield code="a">Merkatorskaja karta časti južnago okeana okolo mysa Gorna</subfield>
</datafield>
<datafield tag="255" ind1="#" ind2="#">
<subfield code="a">Circa 1:7 000 000</subfield>
</datafield>
<datafield tag="264" ind1="#" ind2="1">
<subfield code="a">[St. Petersburg]</subfield>
<subfield code="b">[kein Verlag ermittelbar]</subfield>
<subfield code="c">[1825?]</subfield>
</datafield>
<datafield tag="300" ind1="#" ind2="#">
<subfield code="a">1 Karte</subfield>
</datafield>
<datafield tag="335" ind1=" " ind2=" ">
<subfield code="a">Sgpokazaniemg plavanĭj kapitanovg Kuka i Billinsgauzena i Nov'ch otkrytĭj</subfield>
</datafield>
<datafield tag="335" ind1="_" ind2=" ">
<subfield code="a">Сгпоказаниемг плаваний капитановг Кука и Беллинсгаузена и Новьх открытий</subfield>
</datafield>
<datafield tag="425" ind1="a" ind2=" ">
<subfield code="a">1825</subfield>
</datafield>
<datafield tag="434" ind1=" " ind2=" ">
<subfield code="a">schwarz-weiß</subfield>
</datafield>
<datafield tag="435" ind1=" " ind2=" ">
<subfield code="a">31,2 x 51,3cm</subfield>
</datafield>
<datafield tag="439" ind1=" " ind2=" ">
<subfield code="d">Matrizendruck</subfield>
</datafield>
<datafield tag="501" ind1=" " ind2=" ">
<subfield code="a">Sonstige Details: mit Prägestempel und Wasserzeichen (Wappen, Krone, Lilie, 1812) ; Exemplar ÖAW-Sammlung Woldan grenzkoloriert und mit handschriftlichen Ergänzungen</subfield>
</datafield>
<datafield tag="503" ind1=" " ind2=" ">
<subfield code="a">Markatorkarte des Teiles des südlichen Ozeans um das Kap Hoorn: nach den Angaben der kapitäne Cook und Bellingshausen und neuerer Entdeckungen</subfield>
</datafield>
<datafield tag="516" ind1="B" ind2=" ">
<subfield code="a">Cyrl</subfield>
</datafield>
<datafield tag="516" ind1="b" ind2=" ">
<subfield code="a">In kyrillischer Schrift</subfield>
</datafield>
<datafield tag="655" ind1="#" ind2="7">
<subfield code="a">Altkarte</subfield>
</datafield>
<datafield tag="765" ind1="0" ind2="#">
<subfield code="t">Меркаторская карта части Южнаго океаиа оkоло мыса Горна</subfield>
</datafield>
</record>