
<record xmlns="http://www.loc.gov/MARC21/slim"
    xmlns:xsi="http://www.w3.org/2001/XMLSchema-instance"
    xsi:schemaLocation="http://www.loc.gov/MARC21/slim
    http://www.loc.gov/standards/marcxml/schema/MARC21slim.xsd">
<leader>     nM2.01200024      u</leader>
<controlfield tag="001">AC04246197</controlfield>
<controlfield tag="002">20040913</controlfield>
<controlfield tag="003">20161116</controlfield>
<controlfield tag="030">a|1urr|||||||</controlfield>
<controlfield tag="050">||a|||||||a|||</controlfield>
<controlfield tag="051">|||||||</controlfield>
<controlfield tag="FMT">MU</controlfield>
<controlfield tag="LDR">     nM2.01200024      u</controlfield>
<datafield tag="026" ind1=" " ind2=" ">
<subfield code="a">OBVAC04246197</subfield>
</datafield>
<datafield tag="034" ind1="1" ind2="#">
<subfield code="2">bound</subfield>
<subfield code="a">a</subfield>
<subfield code="b">34200</subfield>
<subfield code="d">E0154234</subfield>
<subfield code="e">E0160406</subfield>
<subfield code="f">N0475546</subfield>
<subfield code="g">N0474639</subfield>
</datafield>
<datafield tag="060" ind1=" " ind2=" ">
<subfield code="b">cri</subfield>
</datafield>
<datafield tag="061" ind1=" " ind2=" ">
<subfield code="b">n</subfield>
</datafield>
<datafield tag="062" ind1=" " ind2=" ">
<subfield code="b">nb</subfield>
</datafield>
<datafield tag="070" ind1=" " ind2=" ">
<subfield code="a">OAW</subfield>
</datafield>
<datafield tag="070" ind1="b" ind2=" ">
<subfield code="a">OAW</subfield>
</datafield>
<datafield tag="076" ind1="s" ind2=" ">
<subfield code="a">50</subfield>
</datafield>
<datafield tag="245" ind1="0" ind2="0">
<subfield code="a">Umgebung von Gutenstein</subfield>
</datafield>
<datafield tag="264" ind1="#" ind2="1">
<subfield code="a">[Wien]</subfield>
<subfield code="b">[Verlag nicht ermittelbar]</subfield>
<subfield code="c">[1860?]</subfield>
</datafield>
<datafield tag="264" ind1="#" ind2="3">
<subfield code="a">Wien</subfield>
<subfield code="b">[Druckerei des k.k. militär geographischen Instituts]</subfield>
<subfield code="c">[1860?]</subfield>
</datafield>
<datafield tag="300" ind1="#" ind2="#">
<subfield code="a">1 Karte</subfield>
</datafield>
<datafield tag="425" ind1="a" ind2=" ">
<subfield code="a">1860</subfield>
</datafield>
<datafield tag="435" ind1=" " ind2=" ">
<subfield code="a">43 x 64 cm, gefaltet 16 x 11 cm</subfield>
</datafield>
<datafield tag="773" ind1="0" ind2="#">
<subfield code="q">Gut</subfield>
</datafield>
<datafield tag="773" ind1="9" ind2="#">
<subfield code="w">AC03752655</subfield>
</datafield>
<datafield tag="902" ind1=" " ind2=" ">
<subfield code="9">(DE-588)4475028-6</subfield>
<subfield code="f">Karte</subfield>
<subfield code="g">Baden</subfield>
<subfield code="h">Niederösterreich</subfield>
<subfield code="z">Region</subfield>
</datafield>
<datafield tag="904" ind1="a" ind2=" ">
<subfield code="a">ONBKRP</subfield>
</datafield>
</record>