
<record xmlns="http://www.loc.gov/MARC21/slim"
    xmlns:xsi="http://www.w3.org/2001/XMLSchema-instance"
    xsi:schemaLocation="http://www.loc.gov/MARC21/slim
    http://www.loc.gov/standards/marcxml/schema/MARC21slim.xsd">
<leader>     nM2.01200024      h</leader>
<controlfield tag="001">AC03752655</controlfield>
<controlfield tag="002">20030624</controlfield>
<controlfield tag="003">20161121</controlfield>
<controlfield tag="026">OBVAC03752655</controlfield>
<controlfield tag="030">a|1urr|||||37</controlfield>
<controlfield tag="050">||a|||||||a|||</controlfield>
<controlfield tag="051">n||||||</controlfield>
<controlfield tag="FMT">MH</controlfield>
<controlfield tag="LDR">     nM2.01200024      h</controlfield>
<datafield tag="041" ind1="#" ind2="7">
<subfield code="a">ger</subfield>
</datafield>
<datafield tag="044" ind1="#" ind2="#">
<subfield code="c">XA-AAAT</subfield>
</datafield>
<datafield tag="060" ind1=" " ind2=" ">
<subfield code="b">cri</subfield>
</datafield>
<datafield tag="061" ind1=" " ind2=" ">
<subfield code="b">n</subfield>
</datafield>
<datafield tag="062" ind1=" " ind2=" ">
<subfield code="b">nb</subfield>
</datafield>
<datafield tag="064" ind1="a" ind2=" ">
<subfield code="9">(DE-588)4029783-4</subfield>
</datafield>
<datafield tag="070" ind1=" " ind2=" ">
<subfield code="a">ONB</subfield>
</datafield>
<datafield tag="070" ind1="b" ind2=" ">
<subfield code="a">OAW</subfield>
</datafield>
<datafield tag="076" ind1="f" ind2=" ">
<subfield code="a">Erfassung ONB-Karten</subfield>
</datafield>
<datafield tag="076" ind1="s" ind2=" ">
<subfield code="a">50</subfield>
</datafield>
<datafield tag="110" ind1="2" ind2="#">
<subfield code="0">(DE-588)118693-0</subfield>
</datafield>
<datafield tag="200" ind1="b" ind2=" ">
<subfield code="4">isb</subfield>
<subfield code="h">Wien</subfield>
<subfield code="k">Kaiserlich-Königliches Militär-Geographisches Institut</subfield>
</datafield>
<datafield tag="245" ind1="0" ind2="0">
<subfield code="a">Umgebungen von Wien</subfield>
</datafield>
<datafield tag="255" ind1="#" ind2="#">
<subfield code="a">1:43 200</subfield>
</datafield>
<datafield tag="264" ind1="#" ind2="1">
<subfield code="a">[Wien]</subfield>
<subfield code="b">[Verlag nicht ermittelbar]</subfield>
<subfield code="c">[1860?]</subfield>
</datafield>
<datafield tag="264" ind1="#" ind2="3">
<subfield code="a">Wien</subfield>
<subfield code="b">[Druckerei des k.k. militär geographischen Instituts]</subfield>
<subfield code="c">[1860?]</subfield>
</datafield>
<datafield tag="300" ind1="#" ind2="#">
<subfield code="a">1 Karte in 10 Blätter</subfield>
</datafield>
<datafield tag="335" ind1=" " ind2=" ">
<subfield code="a">(in 10 Blättern)</subfield>
</datafield>
<datafield tag="359" ind1=" " ind2=" ">
<subfield code="a">Herausgegeben vom k.k.milit geografischen Institute in Wien.</subfield>
</datafield>
<datafield tag="425" ind1="a" ind2=" ">
<subfield code="a">1860</subfield>
</datafield>
<datafield tag="435" ind1=" " ind2=" ">
<subfield code="a">49 x 57 cm</subfield>
</datafield>
<datafield tag="439" ind1=" " ind2=" ">
<subfield code="d">Kupferstich</subfield>
</datafield>
<datafield tag="501" ind1=" " ind2=" ">
<subfield code="a">Details zu Maßstabsangaben: Maßstab in graphischer Form: Wiener Klafter</subfield>
</datafield>
<datafield tag="655" ind1="#" ind2="7">
<subfield code="a">Karte</subfield>
</datafield>
</record>
</collection>
